<?xml version="1.0" encoding="UTF-8"?>
<!DOCTYPE html PUBLIC "-//W3C//DTD XHTML 1.0 Transitional//EN"
    "http://www.w3.org/TR/xhtml1/DTD/xhtml1-transitional.dtd">
<html xmlns="http://www.w3.org/1999/xhtml" xml:lang="en" lang="en">
 <head>
  <title>
</title>
<meta http-equiv="Content-Type" content="text/html;charset=utf-8" />
  <meta name='ocr-system' content='tesseract 3.04.00' />
  <meta name='ocr-capabilities' content='ocr_page ocr_carea ocr_par ocr_line ocrx_word'/>
</head>
<body>
  <div class='ocr_page' id='page_1' title='image "./diplomataetstat00britgoog_0027.png"; bbox 0 0 3832 5444; ppageno 0'>
   <div class='ocr_carea' id='block_1_1' title="bbox 262 416 1802 598">
    <p class='ocr_par' dir='ltr' id='par_1_1' title="bbox 262 416 1802 598">
     <span class='ocr_line' id='line_1_1' title="bbox 262 416 1802 598; baseline 0.006 -44"><span class='ocrx_word' id='word_1_1' title='bbox 262 447 313 528; x_wconf 60' lang='lat' dir='ltr'><strong><em>w</em></strong></span> <span class='ocrx_word' id='word_1_2' title='bbox 771 450 1147 598; x_wconf 69' lang='lat' dir='ltr'>chanun</span> <span class='ocrx_word' id='word_1_3' title='bbox 1254 416 1582 563; x_wconf 63' lang='lat' dir='ltr'>aarum</span> <span class='ocrx_word' id='word_1_4' title='bbox 1667 436 1802 485; x_wconf 61' lang='lat'>&#39;‘</span> 
     </span>
    </p>
   </div>
   <div class='ocr_carea' id='block_1_2' title="bbox 254 603 1883 746">
    <p class='ocr_par' dir='ltr' id='par_1_2' title="bbox 254 603 1883 746">
     <span class='ocr_line' id='line_1_2' title="bbox 254 603 1883 746; baseline 0.007 -40"><span class='ocrx_word' id='word_1_5' title='bbox 254 604 305 723; x_wconf 55' lang='lat'>{12¹}</span> <span class='ocrx_word' id='word_1_6' title='bbox 313 603 469 732; x_wconf 54' lang='lat' dir='ltr'>{533}le</span> <span class='ocrx_word' id='word_1_7' title='bbox 481 617 656 708; x_wconf 88' lang='lat' dir='ltr'>fruentur</span> <span class='ocrx_word' id='word_1_8' title='bbox 678 637 704 724; x_wconf 84' lang='lat'>¹,</span> <span class='ocrx_word' id='word_1_9' title='bbox 735 651 773 712; x_wconf 87' lang='lat' dir='ltr'>et</span> <span class='ocrx_word' id='word_1_10' title='bbox 794 633 946 716; x_wconf 88' lang='lat' dir='ltr'>notitiis</span> <span class='ocrx_word' id='word_1_11' title='bbox 970 665 1066 717; x_wconf 91' lang='lat' dir='ltr'>cum</span> <span class='ocrx_word' id='word_1_12' title='bbox 1087 635 1272 718; x_wconf 77' lang='lat' dir='ltr'>omn-&#39;ibus</span> <span class='ocrx_word' id='word_1_13' title='bbox 1295 655 1336 716; x_wconf 51' lang='lat' dir='ltr'>¹et</span> <span class='ocrx_word' id='word_1_14' title='bbox 1359 636 1600 718; x_wconf 84' lang='lat' dir='ltr'><strong>omnimodis</strong></span> <span class='ocrx_word' id='word_1_15' title='bbox 1619 629 1787 745; x_wconf 89' lang='lat' dir='ltr'>personis</span> <span class='ocrx_word' id='word_1_16' title='bbox 1804 663 1883 746; x_wconf 83' lang='lat' dir='ltr'>pe·</span> 
     </span>
    </p>
   </div>
   <div class='ocr_carea' id='block_1_3' title="bbox 256 739 467 803">
    <p class='ocr_par' dir='ltr' id='par_1_3' title="bbox 256 739 467 803">
     <span class='ocr_line' id='line_1_3' title="bbox 256 739 467 803; baseline 0.062 -12"><span class='ocrx_word' id='word_1_17' title='bbox 256 739 284 791; x_wconf 86' lang='lat' dir='ltr'>in</span> <span class='ocrx_word' id='word_1_18' title='bbox 297 743 467 803; x_wconf 82' lang='lat' dir='ltr'>thePrescnce</span> 
     </span>
    </p>
   </div>
   <div class='ocr_carea' id='block_1_4' title="bbox 158 761 1893 1542">
    <p class='ocr_par' dir='ltr' id='par_1_4' title="bbox 158 761 1893 1148">
     <span class='ocr_line' id='line_1_4' title="bbox 254 761 1875 883; baseline 0.011 -48"><span class='ocrx_word' id='word_1_19' title='bbox 254 807 467 883; x_wconf 65' lang='lat' dir='ltr'>ofthecouncit,</span> <span class='ocrx_word' id='word_1_20' title='bbox 481 761 647 868; x_wconf 86' lang='lat' dir='ltr'>regrinis</span> <span class='ocrx_word' id='word_1_21' title='bbox 669 784 709 843; x_wconf 88' lang='lat' dir='ltr'>et</span> <span class='ocrx_word' id='word_1_22' title='bbox 730 765 884 861; x_wconf 91' lang='lat' dir='ltr'>alienis,</span> <span class='ocrx_word' id='word_1_23' title='bbox 916 789 1052 852; x_wconf 86' lang='lat' dir='ltr'>utrum</span> <span class='ocrx_word' id='word_1_24' title='bbox 1073 769 1232 875; x_wconf 86' lang='lat' dir='ltr'>privatis</span> <span class='ocrx_word' id='word_1_25' title='bbox 1247 772 1309 849; x_wconf 86' lang='lat' dir='ltr'>vel</span> <span class='ocrx_word' id='word_1_26' title='bbox 1319 771 1557 878; x_wconf 87' lang='lat' dir='ltr'>collegiatis,</span> <span class='ocrx_word' id='word_1_27' title='bbox 1589 772 1875 879; x_wconf 87' lang='lat' dir='ltr'>corporatisvel</span> 
     </span>
     <span class='ocr_line' id='line_1_5' title="bbox 158 882 1893 1015; baseline 0.017 -58"><span class='ocrx_word' id='word_1_28' title='bbox 158 951 160 957; x_wconf 90' lang='lat'><em>.</em></span> <span class='ocrx_word' id='word_1_29' title='bbox 253 882 467 1014; x_wconf 51' lang='lat' dir='ltr'>gossssloffignfff</span> <span class='ocrx_word' id='word_1_30' title='bbox 473 894 658 1002; x_wconf 89' lang='lat' dir='ltr'>politicis,</span> <span class='ocrx_word' id='word_1_31' title='bbox 689 901 828 1009; x_wconf 87' lang='lat' dir='ltr'>absque</span> <span class='ocrx_word' id='word_1_32' title='bbox 843 902 973 1011; x_wconf 90' lang='lat' dir='ltr'>aliqua</span> <span class='ocrx_word' id='word_1_33' title='bbox 994 898 1262 984; x_wconf 83' lang='lat' dir='ltr'>molestatione</span> <span class='ocrx_word' id='word_1_34' title='bbox 1289 903 1570 1010; x_wconf 78' lang='lat' dir='ltr'>interruptione</span> <span class='ocrx_word' id='word_1_35' title='bbox 1593 907 1654 984; x_wconf 90' lang='lat' dir='ltr'>vel</span> <span class='ocrx_word' id='word_1_36' title='bbox 1676 905 1893 1015; x_wconf 49' lang='lat' dir='ltr'>inquieta-x</span> 
     </span>
     <span class='ocr_line' id='line_1_6' title="bbox 329 1031 1875 1148; baseline 0.008 -41"><span class='ocrx_word' id='word_1_37' title='bbox 329 1053 331 1056; x_wconf 82' lang='lat'>·</span> <span class='ocrx_word' id='word_1_38' title='bbox 468 1031 579 1110; x_wconf 86' lang='lat' dir='ltr'>tione</span> <span class='ocrx_word' id='word_1_39' title='bbox 592 1044 852 1144; x_wconf 85' lang='lat' dir='ltr'>quacunque:</span> <span class='ocrx_word' id='word_1_40' title='bbox 884 1036 1078 1118; x_wconf 83' lang='lat' dir='ltr'>Pnovrso</span> <span class='ocrx_word' id='word_1_41' title='bbox 1108 1058 1256 1132; x_wconf 87' lang='lat' dir='ltr'>tamen,</span> <span class='ocrx_word' id='word_1_42' title='bbox 1286 1039 1391 1146; x_wconf 91' lang='lat' dir='ltr'>quod</span> <span class='ocrx_word' id='word_1_43' title='bbox 1413 1037 1507 1118; x_wconf 88' lang='lat' dir='ltr'>haec</span> <span class='ocrx_word' id='word_1_44' title='bbox 1535 1038 1780 1148; x_wconf 76' lang='lat' dir='ltr'><strong>indulgentia</strong></span> <span class='ocrx_word' id='word_1_45' title='bbox 1799 1067 1875 1120; x_wconf 92' lang='lat' dir='ltr'>no·</span> 
     </span>
    </p>

    <p class='ocr_par' dir='ltr' id='par_1_5' title="bbox 466 1149 1870 1278">
     <span class='ocr_line' id='line_1_7' title="bbox 466 1149 1870 1278; baseline 0.007 -34"><span class='ocrx_word' id='word_1_46' title='bbox 466 1162 541 1244; x_wconf 87' lang='lat' dir='ltr'>stra</span> <span class='ocrx_word' id='word_1_47' title='bbox 556 1166 604 1245; x_wconf 91' lang='lat' dir='ltr'>fic</span> <span class='ocrx_word' id='word_1_48' title='bbox 619 1186 664 1247; x_wconf 93' lang='lat' dir='ltr'>ut</span> <span class='ocrx_word' id='word_1_49' title='bbox 679 1170 892 1275; x_wconf 87' lang='lat' dir='ltr'>praefertur</span> <span class='ocrx_word' id='word_1_50' title='bbox 905 1169 1078 1251; x_wconf 75' lang='lat' dir='ltr'>concessa</span> <span class='ocrx_word' id='word_1_51' title='bbox 1097 1172 1145 1250; x_wconf 92' lang='lat' dir='ltr'>ad</span> <span class='ocrx_word' id='word_1_52' title='bbox 1158 1172 1387 1251; x_wconf 83' lang='lat' dir='ltr'>ulteriorem</span> <span class='ocrx_word' id='word_1_53' title='bbox 1399 1149 1479 1252; x_wconf 82' lang='lat' dir='ltr'>non</span> <span class='ocrx_word' id='word_1_54' title='bbox 1493 1166 1721 1252; x_wconf 84' lang='lat' dir='ltr'>extendatur</span> <span class='ocrx_word' id='word_1_55' title='bbox 1737 1175 1870 1278; x_wconf 85' lang='lat' dir='ltr'>usum,</span> 
     </span>
    </p>

    <p class='ocr_par' dir='ltr' id='par_1_6' title="bbox 464 1293 1868 1414">
     <span class='ocr_line' id='line_1_8' title="bbox 464 1293 1868 1414; baseline 0.01 -39"><span class='ocrx_word' id='word_1_56' title='bbox 464 1327 585 1406; x_wconf 87' lang='lat' dir='ltr'>quam</span> <span class='ocrx_word' id='word_1_57' title='bbox 606 1298 835 1403; x_wconf 75' lang='lat' dir='ltr'>particulare</span> <span class='ocrx_word' id='word_1_58' title='bbox 855 1301 1089 1381; x_wconf 89' lang='lat' dir='ltr'>beneficium</span> <span class='ocrx_word' id='word_1_59' title='bbox 1109 1321 1147 1381; x_wconf 91' lang='lat' dir='ltr'>et</span> <span class='ocrx_word' id='word_1_60' title='bbox 1174 1296 1347 1381; x_wconf 70' lang='lat' dir='ltr'>interesse</span> <span class='ocrx_word' id='word_1_61' title='bbox 1370 1293 1587 1409; x_wconf 61' lang='lat' dir='ltr'>praedictae</span> <span class='ocrx_word' id='word_1_62' title='bbox 1607 1296 1762 1414; x_wconf 85' lang='lat' dir='ltr'>Regalis</span> <span class='ocrx_word' id='word_1_63' title='bbox 1790 1303 1868 1389; x_wconf 91' lang='lat' dir='ltr'>So·</span> 
     </span>
    </p>

    <p class='ocr_par' dir='ltr' id='par_1_7' title="bbox 318 1430 1867 1542">
     <span class='ocr_line' id='line_1_9' title="bbox 318 1430 1867 1542; baseline 0.009 -36"><span class='ocrx_word' id='word_1_64' title='bbox 318 1469 323 1477; x_wconf 94' lang='lat'><strong>·</strong></span> <span class='ocrx_word' id='word_1_65' title='bbox 369 1448 379 1462; x_wconf 35' lang='lat'>&#39;⁸</span> <span class='ocrx_word' id='word_1_66' title='bbox 460 1430 614 1509; x_wconf 85' lang='lat' dir='ltr'>cietatis</span> <span class='ocrx_word' id='word_1_67' title='bbox 634 1430 675 1510; x_wconf 93' lang='lat' dir='ltr'>in</span> <span class='ocrx_word' id='word_1_68' title='bbox 696 1431 868 1514; x_wconf 89' lang='lat' dir='ltr'>materiis</span> <span class='ocrx_word' id='word_1_69' title='bbox 888 1434 952 1514; x_wconf 90' lang='lat' dir='ltr'>seu</span> <span class='ocrx_word' id='word_1_70' title='bbox 968 1433 1082 1514; x_wconf 90' lang='lat' dir='ltr'>rebus</span> <span class='ocrx_word' id='word_1_71' title='bbox 1096 1432 1378 1542; x_wconf 86' lang='lat' dir='ltr'>philosophicis</span> <span class='ocrx_word' id='word_1_72' title='bbox 1393 1437 1684 1520; x_wconf 87' lang='lat' dir='ltr'>mathematicis</span> <span class='ocrx_word' id='word_1_73' title='bbox 1697 1460 1763 1521; x_wconf 90' lang='lat' dir='ltr'>aut</span> <span class='ocrx_word' id='word_1_74' title='bbox 1779 1468 1867 1520; x_wconf 60' lang='lat' dir='ltr'>me*</span> 
     </span>
    </p>
   </div>
   <div class='ocr_carea' id='block_1_5' title="bbox 463 1551 648 1644">
    <p class='ocr_par' dir='ltr' id='par_1_8' title="bbox 463 1551 648 1644">
     <span class='ocr_line' id='line_1_10' title="bbox 463 1551 648 1644; baseline 0.016 -3"><span class='ocrx_word' id='word_1_75' title='bbox 463 1551 648 1644; x_wconf 61' lang='lat' dir='ltr'>chanicis}</span> 
     </span>
    </p>
   </div>
   <div class='ocr_carea' id='block_1_6' title="bbox 170 1768 1862 2187">
    <p class='ocr_par' dir='ltr' id='par_1_9' title="bbox 170 1768 1862 2187">
     <span class='ocr_line' id='line_1_11' title="bbox 516 1768 1862 1900; baseline 0.007 -44"><span class='ocrx_word' id='word_1_76' title='bbox 516 1776 587 1856; x_wconf 81' lang='lat' dir='ltr'>ET</span> <span class='ocrx_word' id='word_1_77' title='bbox 603 1800 831 1900; x_wconf 18' lang='lat' dir='ltr'>&#39;vtrrnnrvs</span> <span class='ocrx_word' id='word_1_78' title='bbox 853 1779 1032 1860; x_wconf 86' lang='lat' dir='ltr'>dedimus</span> <span class='ocrx_word' id='word_1_79' title='bbox 1057 1800 1095 1862; x_wconf 90' lang='lat' dir='ltr'>et</span> <span class='ocrx_word' id='word_1_80' title='bbox 1115 1781 1384 1879; x_wconf 75' lang='lat' dir='ltr'>concessimus,</span> <span class='ocrx_word' id='word_1_81' title='bbox 1407 1807 1449 1860; x_wconf 89' lang='lat' dir='ltr'>ac</span> <span class='ocrx_word' id='word_1_82' title='bbox 1469 1806 1535 1889; x_wconf 91' lang='lat' dir='ltr'>per</span> <span class='ocrx_word' id='word_1_83' title='bbox 1553 1768 1765 1887; x_wconf 84' lang='lat' dir='ltr'>praesentes</span> <span class='ocrx_word' id='word_1_84' title='bbox 1787 1808 1862 1890; x_wconf 88' lang='lat' dir='ltr'>pro</span> 
     </span>
     <span class='ocr_line' id='line_1_12' title="bbox 349 1909 1858 2002; baseline 0.011 -15"><span class='ocrx_word' id='word_1_85' title='bbox 349 1933 352 1937; x_wconf 81' lang='lat'>·</span> <span class='ocrx_word' id='word_1_86' title='bbox 457 1909 572 1989; x_wconf 87' lang='lat' dir='ltr'>nobis</span> <span class='ocrx_word' id='word_1_87' title='bbox 592 1911 799 1992; x_wconf 88' lang='lat' dir='ltr'>heredibus</span> <span class='ocrx_word' id='word_1_88' title='bbox 831 1931 870 1993; x_wconf 88' lang='lat' dir='ltr'>ct</span> <span class='ocrx_word' id='word_1_89' title='bbox 897 1912 1168 1995; x_wconf 78' lang='lat' dir='ltr'>successoribus</span> <span class='ocrx_word' id='word_1_90' title='bbox 1205 1914 1341 1995; x_wconf 92' lang='lat' dir='ltr'>nostris</span> <span class='ocrx_word' id='word_1_91' title='bbox 1371 1916 1511 1995; x_wconf 90' lang='lat' dir='ltr'>damus</span> <span class='ocrx_word' id='word_1_92' title='bbox 1545 1934 1584 1995; x_wconf 93' lang='lat' dir='ltr'>et</span> <span class='ocrx_word' id='word_1_93' title='bbox 1604 1917 1858 2002; x_wconf 88' lang='lat' dir='ltr'>concedimus</span> 
     </span>
     <span class='ocr_line' id='line_1_13' title="bbox 170 2045 1858 2187; baseline 0.008 -67"><span class='ocrx_word' id='word_1_94' title='bbox 170 2179 175 2187; x_wconf 91' lang='lat'><em>.</em></span> <span class='ocrx_word' id='word_1_95' title='bbox 242 2131 391 2185; x_wconf 54' lang='lat' dir='ltr'>mmm</span> <span class='ocrx_word' id='word_1_96' title='bbox 457 2045 640 2152; x_wconf 79' lang='lat' dir='ltr'>praefatis</span> <span class='ocrx_word' id='word_1_97' title='bbox 658 2045 822 2126; x_wconf 83' lang='lat' dir='ltr'>Praesidi</span> <span class='ocrx_word' id='word_1_98' title='bbox 840 2047 1024 2130; x_wconf 87' lang='lat' dir='ltr'>Concilio</span> <span class='ocrx_word' id='word_1_99' title='bbox 1043 2066 1083 2128; x_wconf 89' lang='lat' dir='ltr'>et</span> <span class='ocrx_word' id='word_1_100' title='bbox 1109 2047 1310 2131; x_wconf 85' lang='lat' dir='ltr'>Sodalibus</span> <span class='ocrx_word' id='word_1_101' title='bbox 1334 2045 1495 2153; x_wconf 88' lang='lat' dir='ltr'>Regalis</span> <span class='ocrx_word' id='word_1_102' title='bbox 1526 2047 1726 2129; x_wconf 90' lang='lat' dir='ltr'>Societatis</span> <span class='ocrx_word' id='word_1_103' title='bbox 1746 2080 1858 2156; x_wconf 88' lang='lat' dir='ltr'>prae-</span> 
     </span>
    </p>
   </div>
   <div class='ocr_carea' id='block_1_7' title="bbox 240 2178 1855 2342">
    <p class='ocr_par' dir='ltr' id='par_1_10' title="bbox 240 2178 1855 2342">
     <span class='ocr_line' id='line_1_14' title="bbox 240 2178 1855 2342; baseline 0.007 -83"><span class='ocrx_word' id='word_1_104' title='bbox 240 2203 323 2323; x_wconf 51' lang='lat' dir='ltr'>{2¹¹}ss</span> <span class='ocrx_word' id='word_1_105' title='bbox 323 2199 451 2342; x_wconf 48' lang='lat' dir='ltr'>3153ng</span> <span class='ocrx_word' id='word_1_106' title='bbox 462 2179 584 2330; x_wconf 75' lang='lat' dir='ltr'>distas</span> <span class='ocrx_word' id='word_1_107' title='bbox 600 2202 640 2281; x_wconf 88' lang='lat' dir='ltr'>et</span> <span class='ocrx_word' id='word_1_108' title='bbox 657 2181 926 2266; x_wconf 79' lang='lat' dir='ltr'>successoribus</span> <span class='ocrx_word' id='word_1_109' title='bbox 951 2182 1049 2277; x_wconf 81' lang='lat' dir='ltr'>suis,&#39;</span> <span class='ocrx_word' id='word_1_110' title='bbox 1068 2184 1226 2290; x_wconf 82' lang='lat' dir='ltr'>plenam</span> <span class='ocrx_word' id='word_1_111' title='bbox 1255 2178 1484 2291; x_wconf 90' lang='lat' dir='ltr'>potestatem</span> <span class='ocrx_word' id='word_1_112' title='bbox 1513 2198 1552 2260; x_wconf 90' lang='lat' dir='ltr'>et</span> <span class='ocrx_word' id='word_1_113' title='bbox 1571 2180 1855 2270; x_wconf 85' lang='lat' dir='ltr'>authoritatem</span> 
     </span>
    </p>
   </div>
   <div class='ocr_carea' id='block_1_8' title="bbox 194 2304 1853 2463">
    <p class='ocr_par' dir='ltr' id='par_1_11' title="bbox 194 2304 1853 2463">
     <span class='ocr_line' id='line_1_15' title="bbox 194 2304 1853 2463; baseline 0.005 -72"><span class='ocrx_word' id='word_1_114' title='bbox 194 2363 196 2367; x_wconf 54' lang='lat'>&gt;</span> <span class='ocrx_word' id='word_1_115' title='bbox 237 2341 407 2463; x_wconf 52' lang='lat' dir='ltr'>ppfflpr</span> <span class='ocrx_word' id='word_1_116' title='bbox 460 2318 633 2425; x_wconf 80' lang='lat' dir='ltr'>erigendi</span> <span class='ocrx_word' id='word_1_117' title='bbox 663 2304 891 2434; x_wconf 80' lang='lat' dir='ltr'>aedificandi</span> <span class='ocrx_word' id='word_1_118' title='bbox 923 2339 969 2424; x_wconf 83' lang='lat' dir='ltr'>et</span> <span class='ocrx_word' id='word_1_119' title='bbox 984 2319 1206 2437; x_wconf 85' lang='lat' dir='ltr'>extruendi,</span> <span class='ocrx_word' id='word_1_120' title='bbox 1238 2336 1304 2397; x_wconf 89' lang='lat' dir='ltr'>aut</span> <span class='ocrx_word' id='word_1_121' title='bbox 1326 2315 1423 2425; x_wconf 88' lang='lat' dir='ltr'>erigi</span> <span class='ocrx_word' id='word_1_122' title='bbox 1450 2313 1640 2396; x_wconf 88' lang='lat' dir='ltr'>aedificari</span> <span class='ocrx_word' id='word_1_123' title='bbox 1660 2335 1699 2396; x_wconf 88' lang='lat' dir='ltr'>et</span> <span class='ocrx_word' id='word_1_124' title='bbox 1720 2321 1853 2400; x_wconf 86' lang='lat' dir='ltr'>extrui</span> 
     </span>
    </p>
   </div>
   <div class='ocr_carea' id='block_1_9' title="bbox 235 2437 1908 3224">
    <p class='ocr_par' dir='ltr' id='par_1_12' title="bbox 235 2437 1908 3224">
     <span class='ocr_line' id='line_1_16' title="bbox 236 2437 1908 2550; baseline 0.004 -23"><span class='ocrx_word' id='word_1_125' title='bbox 236 2477 318 2532; x_wconf 66' lang='lat' dir='ltr'>siries</span> <span class='ocrx_word' id='word_1_126' title='bbox 331 2479 362 2533; x_wconf 80' lang='lat' dir='ltr'>or</span> <span class='ocrx_word' id='word_1_127' title='bbox 375 2479 447 2535; x_wconf 76' lang='lat' dir='ltr'>toa·</span> <span class='ocrx_word' id='word_1_128' title='bbox 458 2451 623 2533; x_wconf 88' lang='lat' dir='ltr'>faciendi</span> <span class='ocrx_word' id='word_1_129' title='bbox 639 2456 700 2534; x_wconf 89' lang='lat' dir='ltr'>vel</span> <span class='ocrx_word' id='word_1_130' title='bbox 715 2454 907 2550; x_wconf 86' lang='lat' dir='ltr'>causandi,</span> <span class='ocrx_word' id='word_1_131' title='bbox 930 2454 1032 2534; x_wconf 92' lang='lat' dir='ltr'>intra</span> <span class='ocrx_word' id='word_1_132' title='bbox 1050 2452 1250 2536; x_wconf 89' lang='lat' dir='ltr'>civitatem</span> <span class='ocrx_word' id='word_1_133' title='bbox 1264 2452 1436 2535; x_wconf 88' lang='lat' dir='ltr'>nostram</span> <span class='ocrx_word' id='word_1_134' title='bbox 1451 2450 1614 2546; x_wconf 85' lang='lat' dir='ltr'>London,</span> <span class='ocrx_word' id='word_1_135' title='bbox 1637 2452 1698 2532; x_wconf 90' lang='lat' dir='ltr'>vel</span> <span class='ocrx_word' id='word_1_136' title='bbox 1714 2453 1851 2534; x_wconf 89' lang='lat' dir='ltr'>decem</span> <span class='ocrx_word' id='word_1_137' title='bbox 1901 2437 1908 2450; x_wconf 51' lang='lat'><em>⁶</em></span> 
     </span>
     <span class='ocr_line' id='line_1_17' title="bbox 235 2548 1846 2691; baseline -0.001 -28"><span class='ocrx_word' id='word_1_138' title='bbox 235 2548 296 2600; x_wconf 46' lang='grc' dir='ltr'>ἀπ’</span> <span class='ocrx_word' id='word_1_139' title='bbox 454 2586 639 2663; x_wconf 87' lang='lat' dir='ltr'>milliaria</span> <span class='ocrx_word' id='word_1_140' title='bbox 657 2586 841 2691; x_wconf 87' lang='lat' dir='ltr'>ejusdem,</span> <span class='ocrx_word' id='word_1_141' title='bbox 872 2611 999 2662; x_wconf 89' lang='lat' dir='ltr'>unum</span> <span class='ocrx_word' id='word_1_142' title='bbox 1020 2586 1082 2683; x_wconf 85' lang='lat' dir='ltr'>vel</span> <span class='ocrx_word' id='word_1_143' title='bbox 1101 2587 1212 2688; x_wconf 90' lang='lat' dir='ltr'>plura</span> <span class='ocrx_word' id='word_1_144' title='bbox 1229 2582 1457 2686; x_wconf 89' lang='lat' dir='ltr'>Collegium</span> <span class='ocrx_word' id='word_1_145' title='bbox 1490 2584 1554 2656; x_wconf 90' lang='lat' dir='ltr'>vel</span> <span class='ocrx_word' id='word_1_146' title='bbox 1575 2582 1757 2683; x_wconf 88' lang='lat' dir='ltr'>Collegia</span> <span class='ocrx_word' id='word_1_147' title='bbox 1777 2611 1846 2661; x_wconf 89' lang='lat' dir='ltr'>cu-</span> 
     </span>
     <span class='ocr_line' id='line_1_18' title="bbox 445 2704 1843 2832; baseline -0.004 -36"><span class='ocrx_word' id='word_1_148' title='bbox 445 2717 666 2832; x_wconf 86' lang='lat' dir='ltr'>juscunque</span> <span class='ocrx_word' id='word_1_149' title='bbox 686 2715 795 2817; x_wconf 90' lang='lat' dir='ltr'>modi</span> <span class='ocrx_word' id='word_1_150' title='bbox 814 2714 876 2793; x_wconf 90' lang='lat' dir='ltr'>vel</span> <span class='ocrx_word' id='word_1_151' title='bbox 895 2713 1108 2821; x_wconf 88' lang='lat' dir='ltr'>qualitatis,</span> <span class='ocrx_word' id='word_1_152' title='bbox 1137 2738 1207 2815; x_wconf 92' lang='lat' dir='ltr'>pro</span> <span class='ocrx_word' id='word_1_153' title='bbox 1227 2707 1467 2787; x_wconf 90' lang='lat' dir='ltr'>habitatione</span> <span class='ocrx_word' id='word_1_154' title='bbox 1494 2704 1784 2787; x_wconf 80' lang='lat' dir='ltr'>assemblatione</span> <span class='ocrx_word' id='word_1_155' title='bbox 1802 2713 1843 2790; x_wconf 90' lang='lat' dir='ltr'>et</span> 
     </span>
     <span class='ocr_line' id='line_1_19' title="bbox 452 2828 1841 2958; baseline -0.005 -31"><span class='ocrx_word' id='word_1_156' title='bbox 452 2849 754 2958; x_wconf 84' lang='lat' dir='ltr'>congregatione</span> <span class='ocrx_word' id='word_1_157' title='bbox 773 2844 1058 2952; x_wconf 68' lang='lat' dir='ltr'>praedictorum</span> <span class='ocrx_word' id='word_1_158' title='bbox 1077 2839 1254 2924; x_wconf 82' lang='lat' dir='ltr'>Praesidis</span> <span class='ocrx_word' id='word_1_159' title='bbox 1272 2836 1442 2918; x_wconf 89' lang='lat' dir='ltr'>Concilii</span> <span class='ocrx_word' id='word_1_160' title='bbox 1462 2856 1502 2915; x_wconf 92' lang='lat' dir='ltr'>et</span> <span class='ocrx_word' id='word_1_161' title='bbox 1518 2837 1718 2918; x_wconf 73' lang='lat' dir='ltr'>sodalium</span> <span class='ocrx_word' id='word_1_162' title='bbox 1732 2828 1841 2946; x_wconf 82' lang='lat' dir='ltr'>prae-</span> 
     </span>
     <span class='ocr_line' id='line_1_20' title="bbox 450 2962 1839 3091; baseline -0.007 -28"><span class='ocrx_word' id='word_1_163' title='bbox 450 2982 572 3064; x_wconf 73' lang='lat' dir='ltr'>distae</span> <span class='ocrx_word' id='word_1_164' title='bbox 593 2979 748 3091; x_wconf 89' lang='lat' dir='ltr'>Regalis</span> <span class='ocrx_word' id='word_1_165' title='bbox 766 2962 968 3060; x_wconf 88' lang='lat' dir='ltr'>Societatis</span> <span class='ocrx_word' id='word_1_166' title='bbox 987 2997 1026 3058; x_wconf 91' lang='lat' dir='ltr'>et</span> <span class='ocrx_word' id='word_1_167' title='bbox 1051 2972 1309 3056; x_wconf 79' lang='lat' dir='ltr'>successorum</span> <span class='ocrx_word' id='word_1_168' title='bbox 1324 2966 1500 3069; x_wconf 87' lang='lat' dir='ltr'>suorum,</span> <span class='ocrx_word' id='word_1_169' title='bbox 1527 2972 1687 3080; x_wconf 88' lang='lat' dir='ltr'>negotia</span> <span class='ocrx_word' id='word_1_170' title='bbox 1706 2970 1772 3053; x_wconf 91' lang='lat' dir='ltr'>sua</span> <span class='ocrx_word' id='word_1_171' title='bbox 1799 2993 1839 3053; x_wconf 92' lang='lat' dir='ltr'>et</span> 
     </span>
     <span class='ocr_line' id='line_1_21' title="bbox 447 3089 1838 3224; baseline -0.008 -26"><span class='ocrx_word' id='word_1_172' title='bbox 447 3119 542 3198; x_wconf 89' lang='lat' dir='ltr'>alias</span> <span class='ocrx_word' id='word_1_173' title='bbox 570 3142 627 3198; x_wconf 91' lang='lat' dir='ltr'>res</span> <span class='ocrx_word' id='word_1_174' title='bbox 646 3117 810 3197; x_wconf 89' lang='lat' dir='ltr'>eandem</span> <span class='ocrx_word' id='word_1_175' title='bbox 829 3114 1017 3224; x_wconf 89' lang='lat' dir='ltr'>Regalem</span> <span class='ocrx_word' id='word_1_176' title='bbox 1033 3107 1274 3224; x_wconf 78' lang='lat' dir='ltr'>=Societatem</span> <span class='ocrx_word' id='word_1_177' title='bbox 1293 3089 1568 3188; x_wconf 88' lang='lat' dir='ltr'>concernentia</span> <span class='ocrx_word' id='word_1_178' title='bbox 1589 3107 1636 3186; x_wconf 93' lang='lat' dir='ltr'>ad</span> <span class='ocrx_word' id='word_1_179' title='bbox 1653 3106 1838 3188; x_wconf 88' lang='lat' dir='ltr'>ordinan-</span> 
     </span>
    </p>
   </div>
   <div class='ocr_carea' id='block_1_10' title="bbox 447 3250 922 3360">
    <p class='ocr_par' dir='ltr' id='par_1_13' title="bbox 447 3250 922 3360">
     <span class='ocr_line' id='line_1_22' title="bbox 447 3250 922 3360; baseline -0.017 -23"><span class='ocrx_word' id='word_1_180' title='bbox 447 3252 544 3337; x_wconf 84' lang='lat' dir='ltr'>dum</span> <span class='ocrx_word' id='word_1_181' title='bbox 561 3273 604 3333; x_wconf 87' lang='lat' dir='ltr'>et</span> <span class='ocrx_word' id='word_1_182' title='bbox 624 3250 922 3360; x_wconf 88' lang='lat' dir='ltr'>disponendum.</span> 
     </span>
    </p>
   </div>
   <div class='ocr_carea' id='block_1_11' title="bbox 439 3443 1837 4112">
    <p class='ocr_par' dir='ltr' id='par_1_14' title="bbox 438 3443 1837 4112">
     <span class='ocr_line' id='line_1_23' title="bbox 499 3443 1837 3562; baseline -0.02 -14"><span class='ocrx_word' id='word_1_183' title='bbox 499 3465 568 3548; x_wconf 78' lang='lat' dir='ltr'>Es</span> <span class='ocrx_word' id='word_1_184' title='bbox 591 3489 811 3547; x_wconf 69' lang='lat' dir='ltr'>veranius</span> <span class='ocrx_word' id='word_1_185' title='bbox 836 3458 1033 3551; x_wconf 90' lang='lat' dir='ltr'>volumus,</span> <span class='ocrx_word' id='word_1_186' title='bbox 1063 3481 1107 3537; x_wconf 91' lang='lat' dir='ltr'>ac</span> <span class='ocrx_word' id='word_1_187' title='bbox 1127 3481 1194 3562; x_wconf 92' lang='lat' dir='ltr'>per</span> <span class='ocrx_word' id='word_1_188' title='bbox 1214 3449 1427 3561; x_wconf 89' lang='lat' dir='ltr'>praesentes</span> <span class='ocrx_word' id='word_1_189' title='bbox 1446 3475 1517 3556; x_wconf 91' lang='lat' dir='ltr'>pro</span> <span class='ocrx_word' id='word_1_190' title='bbox 1544 3445 1658 3527; x_wconf 87' lang='lat' dir='ltr'>nobis</span> <span class='ocrx_word' id='word_1_191' title='bbox 1677 3443 1837 3524; x_wconf 88' lang='lat' dir='ltr'>heredi·</span> 
     </span>
     <span class='ocr_line' id='line_1_24' title="bbox 444 3583 1835 3691; baseline -0.017 -10"><span class='ocrx_word' id='word_1_192' title='bbox 444 3584 517 3682; x_wconf 83' lang='lat' dir='ltr'>bus</span> <span class='ocrx_word' id='word_1_193' title='bbox 535 3621 572 3681; x_wconf 94' lang='lat' dir='ltr'>et</span> <span class='ocrx_word' id='word_1_194' title='bbox 592 3596 865 3682; x_wconf 83' lang='lat' dir='ltr'>successoribus</span> <span class='ocrx_word' id='word_1_195' title='bbox 886 3591 1024 3678; x_wconf 89' lang='lat' dir='ltr'>nostris</span> <span class='ocrx_word' id='word_1_196' title='bbox 1038 3591 1265 3672; x_wconf 86' lang='lat' dir='ltr'>ordinamus</span> <span class='ocrx_word' id='word_1_197' title='bbox 1279 3583 1603 3691; x_wconf 90' lang='lat' dir='ltr'>constituimuset</span> <span class='ocrx_word' id='word_1_198' title='bbox 1616 3583 1835 3686; x_wconf 70' lang='lat' dir='ltr'>appunstu·</span> 
     </span>
     <span class='ocr_line' id='line_1_25' title="bbox 443 3710 1833 3846; baseline -0.018 -30.09"><span class='ocrx_word' id='word_1_199' title='bbox 443 3764 571 3831; x_wconf 91' lang='lat' dir='ltr'>amus,</span> <span class='ocrx_word' id='word_1_200' title='bbox 599 3734 707 3846; x_wconf 92' lang='lat' dir='ltr'>quod</span> <span class='ocrx_word' id='word_1_201' title='bbox 727 3719 895 3842; x_wconf 43' lang='lat' dir='ltr'>sr&#39;aliqui</span> <span class='ocrx_word' id='word_1_202' title='bbox 914 3727 1051 3811; x_wconf 92' lang='lat' dir='ltr'>abusus</span> <span class='ocrx_word' id='word_1_203' title='bbox 1066 3727 1128 3806; x_wconf 85' lang='lat' dir='ltr'>vel</span> <span class='ocrx_word' id='word_1_204' title='bbox 1161 3719 1437 3827; x_wconf 88' lang='lat' dir='ltr'>discrepantiae</span> <span class='ocrx_word' id='word_1_205' title='bbox 1455 3718 1497 3799; x_wconf 90' lang='lat' dir='ltr'>in</span> <span class='ocrx_word' id='word_1_206' title='bbox 1516 3713 1716 3825; x_wconf 86' lang='lat' dir='ltr'>posterum</span> <span class='ocrx_word' id='word_1_207' title='bbox 1749 3710 1833 3793; x_wconf 91' lang='lat' dir='ltr'>ori·</span> 
     </span>
     <span class='ocr_line' id='line_1_26' title="bbox 440 3845 1831 3972; baseline -0.017 -23"><span class='ocrx_word' id='word_1_208' title='bbox 440 3887 555 3948; x_wconf 90' lang='lat' dir='ltr'>entur</span> <span class='ocrx_word' id='word_1_209' title='bbox 573 3886 613 3946; x_wconf 91' lang='lat' dir='ltr'>et</span> <span class='ocrx_word' id='word_1_210' title='bbox 643 3867 818 3949; x_wconf 91' lang='lat' dir='ltr'>accident</span> <span class='ocrx_word' id='word_1_211' title='bbox 849 3867 896 3946; x_wconf 92' lang='lat' dir='ltr'>de</span> <span class='ocrx_word' id='word_1_212' title='bbox 928 3863 1209 3972; x_wconf 89' lang='lat' dir='ltr'>gubernatione</span> <span class='ocrx_word' id='word_1_213' title='bbox 1239 3875 1305 3936; x_wconf 91' lang='lat' dir='ltr'>aut</span> <span class='ocrx_word' id='word_1_214' title='bbox 1325 3852 1407 3934; x_wconf 91' lang='lat' dir='ltr'>aliis</span> <span class='ocrx_word' id='word_1_215' title='bbox 1427 3853 1540 3934; x_wconf 89' lang='lat' dir='ltr'>rebus</span> <span class='ocrx_word' id='word_1_216' title='bbox 1568 3851 1632 3929; x_wconf 92' lang='lat' dir='ltr'>vel</span> <span class='ocrx_word' id='word_1_217' title='bbox 1662 3845 1831 3956; x_wconf 87' lang='lat' dir='ltr'>negotiis</span> 
     </span>
     <span class='ocr_line' id='line_1_27' title="bbox 439 3978 1830 4112; baseline -0.017 -30"><span class='ocrx_word' id='word_1_218' title='bbox 439 4003 637 4112; x_wconf 72' lang='lat' dir='ltr'>pradistae</span> <span class='ocrx_word' id='word_1_219' title='bbox 647 4002 806 4111; x_wconf 87' lang='lat' dir='ltr'>Regalis</span> <span class='ocrx_word' id='word_1_220' title='bbox 826 3997 1046 4088; x_wconf 84' lang='lat' dir='ltr'>Societatis,</span> <span class='ocrx_word' id='word_1_221' title='bbox 1076 3990 1180 4072; x_wconf 91' lang='lat' dir='ltr'>unde</span> <span class='ocrx_word' id='word_1_222' title='bbox 1195 3989 1366 4097; x_wconf 88' lang='lat' dir='ltr'>ejusdem</span> <span class='ocrx_word' id='word_1_223' title='bbox 1387 3981 1656 4066; x_wconf 89' lang='lat' dir='ltr'>constitutioni</span> <span class='ocrx_word' id='word_1_224' title='bbox 1668 3978 1830 4099; x_wconf 18' lang='lat' dir='ltr'>Nstabiti-</span> 
     </span>
    </p>
   </div>
   <div class='ocr_carea' id='block_1_12' title="bbox 217 4113 1829 4272">
    <p class='ocr_par' dir='ltr' id='par_1_15' title="bbox 217 4113 1829 4272">
     <span class='ocr_line' id='line_1_28' title="bbox 217 4113 1829 4272; baseline -0.033 -41"><span class='ocrx_word' id='word_1_225' title='bbox 217 4148 249 4272; x_wconf 52' lang='grc' dir='ltr'>ἐξ</span> <span class='ocrx_word' id='word_1_226' title='bbox 264 4141 429 4272; x_wconf 54' lang='lat' dir='ltr'>&#39;filflfflssss</span> <span class='ocrx_word' id='word_1_227' title='bbox 440 4139 540 4218; x_wconf 92' lang='lat' dir='ltr'>mini</span> <span class='ocrx_word' id='word_1_228' title='bbox 559 4155 597 4216; x_wconf 92' lang='lat' dir='ltr'>et</span> <span class='ocrx_word' id='word_1_229' title='bbox 624 4137 844 4218; x_wconf 89' lang='lat' dir='ltr'>studiorum</span> <span class='ocrx_word' id='word_1_230' title='bbox 877 4127 1088 4241; x_wconf 79' lang='lat' dir='ltr'>progressui</span> <span class='ocrx_word' id='word_1_231' title='bbox 1117 4126 1180 4206; x_wconf 91' lang='lat' dir='ltr'>vel</span> <span class='ocrx_word' id='word_1_232' title='bbox 1199 4124 1372 4223; x_wconf 86' lang='lat' dir='ltr'>rebuset</span> <span class='ocrx_word' id='word_1_233' title='bbox 1391 4118 1558 4227; x_wconf 91' lang='lat' dir='ltr'>negotiis</span> <span class='ocrx_word' id='word_1_234' title='bbox 1578 4117 1708 4226; x_wconf 86' lang='lat' dir='ltr'>aliqua</span> <span class='ocrx_word' id='word_1_235' title='bbox 1727 4113 1829 4194; x_wconf 78' lang='lat' dir='ltr'>infe.</span> 
     </span>
    </p>
   </div>
   <div class='ocr_carea' id='block_1_13' title="bbox 218 4249 1829 4384">
    <p class='ocr_par' dir='ltr' id='par_1_16' title="bbox 218 4249 1829 4384">
     <span class='ocr_line' id='line_1_29' title="bbox 218 4249 1829 4384; baseline -0.02 -27"><span class='ocrx_word' id='word_1_236' title='bbox 218 4283 545 4358; x_wconf 68' lang='lat' dir='ltr'>²risatherss¹²¹¹ratur</span> <span class='ocrx_word' id='word_1_237' title='bbox 564 4273 704 4384; x_wconf 87' lang='lat' dir='ltr'>injuria</span> <span class='ocrx_word' id='word_1_238' title='bbox 726 4273 787 4350; x_wconf 90' lang='lat' dir='ltr'>vel</span> <span class='ocrx_word' id='word_1_239' title='bbox 808 4263 1133 4374; x_wconf 88' lang='lat' dir='ltr'>impedimentum</span> <span class='ocrx_word' id='word_1_240' title='bbox 1150 4290 1161 4354; x_wconf 80' lang='lat'><em>3</em></span> <span class='ocrx_word' id='word_1_241' title='bbox 1192 4254 1299 4368; x_wconf 92' lang='lat' dir='ltr'>quod</span> <span class='ocrx_word' id='word_1_242' title='bbox 1323 4272 1419 4332; x_wconf 91' lang='lat' dir='ltr'>tunc</span> <span class='ocrx_word' id='word_1_243' title='bbox 1439 4271 1478 4333; x_wconf 91' lang='lat' dir='ltr'>et</span> <span class='ocrx_word' id='word_1_244' title='bbox 1497 4249 1613 4333; x_wconf 90' lang='lat' dir='ltr'>toties</span> <span class='ocrx_word' id='word_1_245' title='bbox 1632 4277 1701 4356; x_wconf 94' lang='lat' dir='ltr'>per</span> <span class='ocrx_word' id='word_1_246' title='bbox 1718 4272 1829 4353; x_wconf 91' lang='lat' dir='ltr'>prae·</span> 
     </span>
    </p>
   </div>
   <div class='ocr_carea' id='block_1_14' title="bbox 217 4356 392 4415">
    <p class='ocr_par' dir='ltr' id='par_1_17' title="bbox 217 4356 392 4415">
     <span class='ocr_line' id='line_1_30' title="bbox 217 4356 392 4415; baseline -0.017 -5"><span class='ocrx_word' id='word_1_247' title='bbox 217 4359 248 4415; x_wconf 81' lang='lat' dir='ltr'>bt</span> <span class='ocrx_word' id='word_1_248' title='bbox 262 4356 392 4410; x_wconf 76' lang='lat' dir='ltr'>reformes</span> 
     </span>
    </p>
   </div>
   <div class='ocr_carea' id='block_1_15' title="bbox 218 4381 1829 4515">
    <p class='ocr_par' dir='ltr' id='par_1_18' title="bbox 218 4381 1829 4515">
     <span class='ocr_line' id='line_1_31' title="bbox 218 4381 1829 4515; baseline -0.024 -17"><span class='ocrx_word' id='word_1_249' title='bbox 218 4428 266 4480; x_wconf 64' lang='lat' dir='ltr'>*nd</span> <span class='ocrx_word' id='word_1_250' title='bbox 287 4425 376 4478; x_wconf 68' lang='lat' dir='ltr'>settled</span> <span class='ocrx_word' id='word_1_251' title='bbox 392 4425 428 4495; x_wconf 79' lang='lat' dir='ltr'>bt</span> <span class='ocrx_word' id='word_1_252' title='bbox 438 4409 560 4491; x_wconf 89' lang='lat' dir='ltr'>sentes</span> <span class='ocrx_word' id='word_1_253' title='bbox 580 4436 650 4515; x_wconf 92' lang='lat' dir='ltr'>pro</span> <span class='ocrx_word' id='word_1_254' title='bbox 669 4390 783 4487; x_wconf 89' lang='lat' dir='ltr'>nobis</span> <span class='ocrx_word' id='word_1_255' title='bbox 802 4399 1009 4483; x_wconf 92' lang='lat' dir='ltr'>heredibus</span> <span class='ocrx_word' id='word_1_256' title='bbox 1029 4415 1066 4476; x_wconf 91' lang='lat' dir='ltr'>et</span> <span class='ocrx_word' id='word_1_257' title='bbox 1085 4390 1358 4487; x_wconf 83' lang='lat' dir='ltr'>successoribus</span> <span class='ocrx_word' id='word_1_258' title='bbox 1376 4385 1514 4468; x_wconf 91' lang='lat' dir='ltr'>nostris</span> <span class='ocrx_word' id='word_1_259' title='bbox 1531 4381 1829 4469; x_wconf 85' lang='lat' dir='ltr'>authorizamus</span> 
     </span>
    </p>
   </div>
   <div class='ocr_carea' id='block_1_16' title="bbox 213 4492 1829 4650">
    <p class='ocr_par' dir='ltr' id='par_1_19' title="bbox 213 4492 1829 4650">
     <span class='ocr_line' id='line_1_32' title="bbox 213 4492 1801 4559; baseline -0.012 -12"><span class='ocrx_word' id='word_1_260' title='bbox 213 4494 427 4549; x_wconf 84' lang='lat' dir='ltr'>th&#39;eLordChan·</span> <span class='ocrx_word' id='word_1_261' title='bbox 484 4550 487 4554; x_wconf 17' lang='lat'><strong><em>⁴</em></strong></span> <span class='ocrx_word' id='word_1_262' title='bbox 538 4544 546 4559; x_wconf 70' lang='grc'><em>,</em></span> <span class='ocrx_word' id='word_1_263' title='bbox 1127 4530 1135 4544; x_wconf 82' lang='grc'><em>,</em></span> <span class='ocrx_word' id='word_1_264' title='bbox 1186 4525 1195 4544; x_wconf 90' lang='grc'><strong>.</strong></span> <span class='ocrx_word' id='word_1_265' title='bbox 1663 4513 1672 4530; x_wconf 85' lang='grc'><strong>.</strong></span> <span class='ocrx_word' id='word_1_266' title='bbox 1731 4498 1734 4505; x_wconf 78' lang='grc'><strong>’</strong></span> <span class='ocrx_word' id='word_1_267' title='bbox 1797 4492 1801 4503; x_wconf 91' lang='grc'><strong><em>·</em></strong></span> 
     </span>
     <span class='ocr_line' id='line_1_33' title="bbox 215 4510 1829 4650; baseline -0.022 -19"><span class='ocrx_word' id='word_1_268' title='bbox 215 4565 297 4618; x_wconf 78' lang='lat' dir='ltr'>cellor</span> <span class='ocrx_word' id='word_1_269' title='bbox 320 4563 427 4617; x_wconf 73' lang='lat' dir='ltr'>Claren-</span> <span class='ocrx_word' id='word_1_270' title='bbox 437 4569 691 4628; x_wconf 82' lang='lat' dir='ltr'>nominamus</span> <span class='ocrx_word' id='word_1_271' title='bbox 708 4540 940 4650; x_wconf 80' lang='lat' dir='ltr'>albgnamus</span> <span class='ocrx_word' id='word_1_272' title='bbox 960 4553 998 4614; x_wconf 90' lang='lat' dir='ltr'>et</span> <span class='ocrx_word' id='word_1_273' title='bbox 1016 4529 1290 4614; x_wconf 78' lang='lat' dir='ltr'>constituimus</span> <span class='ocrx_word' id='word_1_274' title='bbox 1309 4522 1526 4631; x_wconf 88' lang='lat' dir='ltr'>praefatum</span> <span class='ocrx_word' id='word_1_275' title='bbox 1547 4510 1829 4627; x_wconf 67' lang='lat' dir='ltr'>praedrlestum</span> 
     </span>
    </p>
   </div>
   <div class='ocr_carea' id='block_1_17' title="bbox 215 4629 1829 4872">
    <p class='ocr_par' dir='ltr' id='par_1_20' title="bbox 215 4629 1829 4872">
     <span class='ocr_line' id='line_1_34' title="bbox 217 4629 509 4697; baseline -0.01 -11"><span class='ocrx_word' id='word_1_276' title='bbox 217 4636 275 4687; x_wconf 65' lang='lat' dir='ltr'>don*</span> <span class='ocrx_word' id='word_1_277' title='bbox 292 4633 378 4697; x_wconf 82' lang='lat' dir='ltr'>alone,</span> <span class='ocrx_word' id='word_1_278' title='bbox 405 4629 431 4686; x_wconf 86' lang='lat' dir='ltr'>is</span> <span class='ocrx_word' id='word_1_279' title='bbox 508 4694 509 4697; x_wconf 7' lang='grc' dir='ltr'><strong>Ἴ</strong></span> 
     </span>
     <span class='ocr_line' id='line_1_35' title="bbox 215 4703 1829 4860; baseline -0.01 -71"><span class='ocrx_word' id='word_1_280' title='bbox 215 4703 315 4774; x_wconf 45' lang='grc' dir='ltr'>ΜΞ</span> <span class='ocrx_word' id='word_1_281' title='bbox 920 4728 931 4759; x_wconf 85' lang='lat'>¹</span> <span class='ocrx_word' id='word_1_282' title='bbox 952 4725 995 4783; x_wconf 77' lang='lat' dir='ltr'>Sic</span> <span class='ocrx_word' id='word_1_283' title='bbox 1008 4727 1035 4783; x_wconf 85' lang='lat' dir='ltr'>in</span> <span class='ocrx_word' id='word_1_284' title='bbox 1048 4721 1184 4784; x_wconf 85' lang='lat' dir='ltr'>Authent.</span> <span class='ocrx_word' id='word_1_285' title='bbox 1327 4770 1329 4774; x_wconf 17' lang='grc' dir='ltr'><em>Α</em></span> <span class='ocrx_word' id='word_1_286' title='bbox 1787 4796 1829 4860; x_wconf 63' lang='lat' dir='ltr'>et</span> 
     </span>
     <span class='ocr_line' id='line_1_36' title="bbox 1112 4823 1132 4872; baseline 0 0"><span class='ocrx_word' id='word_1_287' title='bbox 1112 4823 1132 4872; x_wconf 85' lang='lat'>2</span> 
     </span>
    </p>
   </div>
   <div class='ocr_carea' id='block_1_18' title="bbox 0 0 1920 5444">
    <p class='ocr_par' dir='ltr' id='par_1_21' title="bbox 0 0 1920 5444">
     <span class='ocr_line' id='line_1_37' title="bbox 0 0 1920 5444; baseline 0 2"><span class='ocrx_word' id='word_1_288' title='bbox 0 0 1920 5444; x_wconf 95' lang='lat' dir='ltr'> </span> 
     </span>
    </p>
   </div>
  </div>
 </body>
</html>
