3832 5444
699 417 1076 542 enarra
1150 423 1523 560 rnarrn

411 611 599 717 pucellae
636 631 756 695 terrae
793 617 1053 698 Dominicalis
1083 618 1251 698 Manerii
1280 620 1327 698 de
1353 619 1493 729 Chelsey
1517 606 1721 728 prandisti,
1750 648 1799 702 ac

410 771 535 852 nuper
576 748 733 828 suerunt
764 751 931 855 parcella
976 751 1248 857 posseffionum
1287 750 1473 832 Iohannis
1511 780 1635 859 nuper
1669 754 1815 842 Dndu
1854 733 1866 753 ⁴

407 875 742 976 Northumbriae;
770 902 809 962 et
833 911 931 994 quae
961 913 1083 995 nuper
1107 912 1174 992 per
1195 883 1550 991 praechariffimum
1569 914 1689 966 avum
1721 876 1795 969 noss
1906 886 1908 891 ’

405 1008 527 1092 strum
548 1015 683 1094 beatae
702 1015 913 1098 memoriae
934 1017 1122 1098 iacobum
1148 1019 1313 1126 Regem,
1341 1046 1409 1127 per
1437 1019 1586 1099 Literas
1617 1019 1700 1098 suas
1718 1047 1794 1126 pa-

403 1159 544 1244 tentes,
588 1172 767 1256 geren-res
804 1152 941 1229 datum
983 1152 1085 1255 apud
1122 1151 1514 1233 Westmonasterium
1550 1153 1687 1233 onavo
1726 1153 1793 1231 die

402 1277 505 1358 Maii
533 1308 637 1359 antro
665 1280 776 1386 regni
809 1280 865 1358 sui
886 1281 1055 1386 Angliae
1089 1282 1225 1359 odavo
1255 1300 1292 1359 et
1320 1284 1468 1361 Scotiae
1496 1285 1792 1395 quadragesimo

399 1411 530 1507 tertio,
560 1410 732 1489 concessa
767 1413 925 1491 fuerunt
958 1431 1025 1491 aut
1055 1411 1295 1492 mentionata
1328 1415 1400 1490 esse
1428 1416 1599 1496 concessa
1619 1419 1791 1523 Praepo-

398 1539 469 1620 sito
487 1561 526 1620 et
545 1541 667 1622 Sociis
694 1544 867 1655 Collegii
897 1526 1016 1651 Regis
1039 1522 1166 1624 Iacobi
1207 1545 1249 1622 in
1261 1545 1411 1654 Chelsty
1430 1575 1549 1650 prope
1568 1551 1718 1629 London
1738 1580 1788 1632 ex

397 1675 625 1757 fundatione
647 1677 819 1784 ejusdem
847 1675 978 1758 Iacobi
997 1676 1114 1785 Regis
1136 1678 1317 1785 Angliae,
1348 1698 1386 1758 et
1405 1675 1677 1758 successoribus
1707 1680 1792 1762 suis

379 1797 437 1886 'in
470 1823 729 1918 perpetuum
758 1812 973 1891 tenendum
993 1811 1040 1888 de
1058 1811 1232 1914 praefato
1254 1811 1393 1890 Iacobo
1415 1811 1533 1919 Rege,
1563 1829 1608 1891 ut
1628 1813 1674 1892 de
1695 1840 1782 1892 ma-

393 1939 501 2020 nerio
528 1941 596 2020 suo
621 1942 668 2020 de
689 1944 783 2050 Ecss
801 1943 1030 2025 Greenwich
1045 1923 1085 2021 in
1107 1943 1297 2024 comitatu
1319 1943 1494 2034 Cantiae,
1525 1971 1592 2048 per
1611 1944 1786 2054 fidelita·
1810 1943 1814 1948 ’

393 2091 475 2152 tem
489 2091 661 2171 tantum,
694 2076 734 2154 in
754 2077 876 2158 libero
891 2097 930 2157 et
950 2075 1155 2156 communi
1183 2075 1375 2183 soccagim
1402 2093 1442 2154 et
1467 2103 1547 2154 non
1576 2075 1777 2183 incapite,
1904 2075 1908 2085 ⁴

390 2231 462 2286 nec
481 2236 548 2314 per
567 2208 768 2319 servitium
787 2211 955 2290 militare
969 2216 1001 2318 ς)
1029 2213 1096 2288 Ac
1109 2209 1226 2289 etiam
1247 2208 1382 2289 omnia
1401 2226 1439 2287 et
1459 2206 1607 2316 singula
1636 2209 1784 2290 dom-us

389 2341 563 2423 aedificia
595 2342 802 2424 strndturas
822 2342 953 2424 boscos
979 2343 1181 2422 subboscos
1209 2341 1374 2433 arbores,
1404 2368 1447 2418 ac
1473 2358 1598 2418 totam
1632 2361 1786 2424 terram·
1815 2340 1820 2346 ’

390 2474 560 2555 fundum
594 2494 633 2556 et
665 2461 792 2556 solum
821 2477 1036 2558 eorundem
1073 2477 1277 2555 boseorum
1310 2462 1586 2553 subboscorum
1606 2491 1645 2553 et
1664 2478 1777 2557 arbo·

387 2633 490 2698 rum,
514 2634 558 2684 ac
577 2605 710 2688 omnia
730 2606 804 2684 alia
826 2609 915 2711 jura
927 2605 1212 2712 jurisdictiones
1238 2605 1469 2684 franchesras
1498 2607 1699 2716 privilegia
1724 2606 1780 2686 li'-

385 2737 550 2830 bertates
584 2736 756 2842 proficua
782 2739 1088 2818 commoditates
1101 2736 1331 2844 advantagia
1348 2728 1617 2819 emolu-menta
1635 2758 1674 2819 et
1700 2738 1777 2818 he·

381 2864 640 2980 reditamenta
669 2868 796 2948 nostra
829 2897 1097 2979 quaecunque,
1128 2897 1221 2949 cum
1252 2879 1391 2953 eorum
1418 2872 1660 2977 pertinentiis
1679 2873 1782 2964 uni-2

380 3004 511 3103 versis,
542 3002 806 3114 cujuscunque
825 3004 896 3084 fint
915 3005 1068 3115 generis
1087 3022 1246 3084 naturae
1263 2981 1326 3083 seu
1352 3004 1501 3112 speciei,
1530 3006 1593 3086 seu
1613 2996 1781 3118 quibus·-

382 3162 541 3245 cunque
558 3138 785 3220 nominibus
811 3139 982 3220 sciantur
1000 3139 1224 3219 censeantur
1239 3160 1515 3246 nuncupentur
1534 3139 1597 3217 seu
1617 3168 1770 3248 coguo-

377 3268 548 3368 scantur‚
580 3273 715 3353 firnata
727 3273 896 3382 jacentia
915 3293 953 3354 et
970 3274 1169 3354 existentia
1198 3269 1465 3378 provenientia
1485 3270 1691 3350 crescentia
1708 3299 1779 3349 re·-

378 3405 564 3486 novantia
598 3407 678 3487 five·
705 3409 946 3517 emergentia
974 3407 1074 3487 infra
1104 3405 1336 3486 comitatum
1358 3399 1468 3521 villas
1502 3428 1658 3507 campos
1678 3403 1774 3481 loca

378 3538 453 3619 save
486 3541 679 3622 hamletas
698 3545 907 3653 praedista,
944 3543 1006 3621 vel
1046 3537 1137 3619 alibi
1167 3535 1404 3644 ubicunque,
1431 3531 1632 3642 praedidis
1652 3535 1770 3615 terris·

376 3690 416 3751 et
445 3678 607 3756 caeteris
635 3678 844 3784 praemissas
872 3678 935 3758 vel
966 3675 1083 3757 alicui
1103 3674 1193 3754 inde
1227 3671 1413 3779 parcellae
1450 3695 1618 3779 quoq-uo·
1644 3669 1776 3751 modo
1850 3728 1855 3791 3
1870 3701 1873 3706 ·

377 3802 609 3908 spectantia3
639 3809 809 3890 Necnon
843 3812 1098 3889 reversronem
1118 3827 1156 3888 et
1177 3806 1406 3887 reverfiones
1425 3802 1610 3886 omnium-
1628 3802 1773 3906 ets1n-3

282 3986 291 4003 a
376 3936 564 4044 gulorum
599 3938 896 4043 praemissorum
925 3939 1096 4042 superius
1129 3966 1200 4039 per·
1229 3913 1444 4039 praesentes
1470 3933 1770 4044 praeconcesso-
1873 3978 1888 4053 '.

373 4097 480 4164 rum,
508 4088 547 4148 et
577 4066 776 4176 cujussibet
802 4069 900 4148 inde
916 4069 1118 4176 parcellae,
1149 4064 1407 4171 dependentes
1435 4065 1499 4143 vel
1516 4069 1797 4171 expedtautes-2

371 4204 419 4283 de
438 4204 479 4283 in
498 4204 562 4284 vel
582 4205 692 4311 super
721 4204 894 4316 aliquam
924 4178 1185 4282 dimissionem
1204 4198 1268 4277 vel
1288 4197 1571 4289 concessionem
1590 4228 1660 4306 pro
1680 4221 1773 4281 ter--

370 4339 482 4419 mino
500 4339 564 4419 vel
584 4337 761 4419 terminis
781 4339 882 4418 vitae
900 4337 963 4419 vel
981 4334 1150 4414 vitarum
1170 4335 1233 4413 vel
1253 4350 1461 4429 annorum,
1493 4352 1559 4413 aut
1580 4335 1690 4414 aliter
1709 4328 1764 4412 de·

369 4475 576 4577 praemiffis
610 4471 780 4582 superius
812 4503 880 4582 per
912 4450 1124 4581 praesentes
1158 4467 1431 4576 praeconcessae
1464 4467 1526 4548 seu
1559 4461 1761 4575 de'asiqua

370 4603 460 4707 inde
491 4610 658 4716 parcella
684 4639 844 4720 quoquo
863 4609 984 4694 modo
1002 4607 1162 4707 fastam,
1193 4596 1489 4687 existentemde
1511 4601 1670 4681 recordo
1690 4602 1758 4680 vel·

341 4742 418 4757 ”
739 4774 761 4849 5
1541 4758 1544 4765 ¹
1665 4758 1751 4812 non
1877 4741 1882 4748 '
