3832 5444
621 258 1000 345 cantra
1073 217 1483 369 Tsnrrn·
1595 336 1600 349 .

349 432 444 491 curn
462 432 599 493 corum
616 412 862 519 pertinentiis
894 411 1092 512 universrs,
1121 412 1169 493 de
1186 434 1225 493 et
1257 414 1305 496 ab
1330 415 1516 498 omnibus
1538 434 1579 498 et
1601 423 1737 503 omni·

344 543 479 625 modis
498 544 682 627 corrodiis
705 545 916 626 redditibus
936 544 1056 627 feodis
1070 544 1233 627 servitiis
1253 547 1522 632 annuitatibus
1541 553 1736 663 pensroqi·

343 674 418 755 bus
432 676 675 783 portionibus
688 706 733 759 ac
745 679 992 760 denariorum
1008 679 1172 760 summis
1186 707 1230 760 ac
1245 682 1427 763 oneribus
1438 682 1734 795 quibuscunque

342 809 391 890 de
410 811 634 917 praemiffis‚
663 812 727 892 seu
748 811 877 920 aliqua
898 812 986 892 inde
1001 813 1180 920 parcella,
1209 814 1320 895 nobis
1335 815 1542 896 heredibus
1561 818 1623 897 vel
1643 819 1731 898 suc·

343 941 549 1026 sessoribus
568 943 708 1025 nostris
727 946 959 1026 exeuntibus
978 949 1042 1026 vel
1060 945 1269 1046 solvendis,
1299 949 1361 1028 vel
1380 946 1581 1056 superinde
1599 951 1729 1030 versus

341 1105 413 1159 nos
434 1078 592 1159 heredes
611 1079 672 1160 vel
692 1077 917 1161 successores
930 1081 1079 1177 nostros
1098 1081 1266 1164 oneratis
1285 1082 1349 1160 vel
1368 1083 1597 1175 onerandis3
1617 1060 1730 1190 prae'·

339 1228 519 1321 terquam
538 1216 586 1294 de
614 1213 826 1293 redditibus
845 1211 1006 1290 servitiis
1031 1231 1069 1291 et
1089 1214 1236 1291 tenuris
1258 1215 1428 1319 superius
1453 1215 1497 1295 in
1515 1206 1588 1295 ‘his
1613 1243 1728 1322 prae·

338 1346 508 1426 sentibus
528 1343 653 1425 ‚nobis
686 1340 891 1420 heredibus
915 1358 955 1418 et
987 1340 1259 1422 successoribus
1282 1347 1422 1427 nostris
1440 1346 1652 1444 reservatis,
1683 1376 1729 1430 ac

335 1492 606 1586 praeterquam
640 1471 687 1552 de
717 1470 1001 1554 dimiffionibus
1033 1492 1073 1553 et
1103 1474 1409 1556 conceffionibus
1440 1480 1486 1559 de
1514 1479 1728 1586 praemissis

334 1608 397 1687 seu
417 1606 464 1687 de
480 1605 608 1714 aliqua
634 1604 724 1686 inde
750 1607 919 1712 parcella
938 1606 1101 1687 antehac
1121 1605 1244 1702 fadis,
1274 1635 1319 1688 ac
1338 1610 1663 1690 conventionibus
1686 1630 1733 1694 et

335 1737 625 1821 conditionibus
639 1737 680 1818 in
703 1738 839 1818 iisdem
853 1739 1121 1836 existentibus,
1150 1768 1195 1820 ac
1210 1740 1535 1822 conventionibus
1555 1760 1592 1820 et
1625 1769 1727 1821 one-

333 1873 453 1968 ribus,
481 1897 581 1980 quae
607 1870 747 1981 aliquis
773 1870 967 1954 firmarius
997 1873 1061 1952 seu
1083 1873 1204 1980 aliqui
1233 1872 1394 1955 firmarii
1424 1870 1725 1979 praemissorum

331 2006 479 2086 ratione
499 2004 796 2084 indenturarum
810 2022 851 2083 et
868 2001 1137 2084 dimillionum
1165 2002 1322 2084 suarum
1353 2007 1479 2084 facere
1505 2023 1544 2085 et
1576 2031 1724 2112 exone·

328 2167 412 2220 rare
430 2157 585 2220 tenetur
600 2139 663 2220 seu
678 2155 871 2220 tenentur.

385 2349 767 2445 Vorvruvsetiam,
797 2373 842 2426 ac
869 2374 936 2454 per
967 2345 1181 2452 praesentes
1200 2372 1270 2452 pro
1300 2343 1413 2426 nobis
1438 2343 1645 2426 heredibus
1679 2363 1720 2427 et

328 2482 604 2564 succelloribus
645 2481 785 2564 nostris
832 2477 996 2559 firmiter
1044 2477 1286 2587 injungendo
1322 2477 1594 2585 praecipimus,
1635 2498 1719 2560 tam

329 2613 678 2692 Commiffionariis
698 2641 771 2721 pro
789 2612 969 2693 thesauro
1002 2615 1144 2703 nostro,
1174 2610 1446 2708 Thesaurario,
1476 2611 1717 2706 Camerari0,

328 2741 658 2855 Subthesaurario,
689 2760 729 2819 et
756 2743 971 2822 Beronibus
1002 2741 1189 2822 Scaccarii
1209 2740 1328 2819 nostri
1358 2744 1549 2824 heredum
1567 2762 1605 2824 et
1629 2741 1720 2823 suc·

325 2873 516 2956 celsorum
534 2875 757 2956 nostrorum
781 2900 851 2980 pro
872 2891 1047 2979 tempore
1080 2871 1277 2967 existente,
1304 2901 1426 2980 quarn
1444 2858 1641 2957 'omnibus
1673 2891 1714 2955 et
1742 2930 1747 2939 ·

324 3008 482 3117 fingulis
503 3005 773 3102 Auditoribus,
798 3025 840 3086 et
860 3005 943 3085 aliis
963 3003 1176 3103 officiariis,
1205 3022 1245 3085 et
1265 3004 1453 3087 ministris
1484 3007 1625 3090 nostris
1642 3006 1715 3089 he·

323 3140 461 3219 redum
481 3157 519 3219 et
538 3138 795 3220 successorum
814 3137 1035 3221 nostrorum
1049 3139 1344 3249 quibuscunque
1364 3169 1434 3246 pro
1454 3126 1628 3246 tempore
1643 3168 1716 3222 ex·
1740 3132 1746 3137 ’

323 3270 485 3366 istente;
501 3273 607 3382 quod
624 3273 691 3379 ipsr
705 3291 895 3354 eteorum
908 3272 1071 3379 quilibet
1089 3270 1329 3378 supersolam
1341 3271 1715 3355 demonstrationem

322 3405 465 3486 harum
503 3405 731 3486 Literarum
769 3407 1032 3485 nostrarorum
1064 3406 1299 3509 patentium,
1329 3401 1392 3479 vel
1421 3401 1714 3484 irrotularnenti

237 3567 244 3577 ·
319 3520 546 3637 harundem,
575 3537 715 3649 absque
735 3537 867 3648 aliquo
888 3537 965 3616 alio
986 3535 1093 3615 brevi
1115 3535 1395 3616 seuwarranto
1415 3560 1436 3616 a
1455 3533 1566 3616 nobis
1598 3534 1712 3614 here-

320 3676 433 3756 dibus
449 3677 510 3755 vel
529 3671 800 3755 successoribus
814 3669 952 3753 nostris
967 3668 1260 3779 quoquomodo
1274 3667 1519 3776 impetrando
1538 3670 1601 3750 seu
1620 3697 1712 3776 pro·

318 3806 527 3913 sequendo,
556 3809 713 3911 plenam
733 3807 926 3914 integram
942 3804 1190 3915 debitamque
1210 3803 1486 3888 allocutionem
1505 3823 1543 3884 et
1561 3830 1707 3883 exone·
1760 3786 1766 3795 ⁸

319 3935 514 4015 rationem
534 3937 781 4014 manifestam
809 3939 857 4014 de
891 3955 929 4010 et
959 3936 1006 4012 ab
1027 3939 1211 4014 omnibus
1240 3955 1278 4016 et
1302 3935 1543 4018 omnimodis
1571 3933 1706 4043 hujus·

317 4066 426 4151 modi
445 4062 633 4146 corrodiis
653 4064 864 4143 redditibus
884 4064 1007 4142 feodis
1024 4064 1269 4168 pensronibus
1298 4066 1543 4172 portionibus
1562 4088 1603 4151 et
1632 4072 1702 4159 dez·

316 4201 517 4285 nariorum
536 4196 699 4281 summis
729 4223 773 4277 ac
804 4195 987 4278 oneribus
1013 4196 1307 4306 quibuscunque
1335 4201 1622 4314 (praeterquam
1654 4206 1702 4285 de

312 4334 476 4420 servitiis
494 4333 706 4419 redditibus
727 4330 873 4420 tenuris
889 4357 933 4412 ac
953 4327 1150 4442 arreragiis
1168 4331 1339 4417 redditus
1359 4363 1402 4418 ac
1417 4337 1575 4421 caeteris
1591 4326 1703 4446 prae·
1772 4443 1775 4449 ,

939 4457 942 4461 ’
1583 4467 1701 4551 millis
