3870 5468
217 435 261 558 4⁶
663 502 666 506 -
775 447 1161 539 err-sarr
1235 457 1540 561 parua.
1677 496 1681 504 ·

317 703 320 707 ³
441 597 631 685 sessorem
662 601 834 717 Collegii
853 610 900 690 de
919 609 1106 718 Grrfhrm,
1149 615 1484 727 Christopherum
1513 626 1632 708 Wren
1650 625 1693 707 in
1718 628 1846 710 medi·

315 839 333 851 ,.
452 736 551 818 cinis
585 739 801 824 Dodorem
838 745 981 827 daville
1012 747 1271 834 astronomiae
1292 753 1550 840 Profefforem
1583 762 1623 839 in
1646 762 1848 846 academia

329 926 333 932 -
366 966 372 979 Α
403 860 581 980 “nostra
600 873 827 972 Oxoniensr,
858 878 1133 986 Willielmum
1152 885 1264 967 Balle
1282 889 1555 998 Armigerum,
1587 895 1847 978 Matthaeum

375 1038 392 1050 <·
451 1008 567 1087 Wren
588 1002 862 1120 Armigerum,
894 1005 1116 1097 Iohannem
1148 1019 1300 1129 Eurlyn
1332 1023 1603 1133 Armigerum,
1638 1029 1845 1113 Thomam

268 1180 271 1187 .
297 1162 300 1167 ·
403 1160 415 1190 ·¹
430 1138 643 1255 ‘Harudum
662 1144 937 1254 Armigerum,
966 1149 1117 1258 Dudley
1137 1151 1293 1235 Palmer
1306 1157 1353 1235 de
1364 1157 1487 1266 Grcys
1505 1159 1572 1240 Iun
1586 1159 1629 1239 in
1649 1163 1844 1245 conutatu

443 1260 580 1355 nestro
609 1274 886 1409 Maioresque
917 1281 1190 1391 armigerum,
1221 1265 1260 1366 er
1280 1288 1486 1372 naariam
1519 1293 1732 1404 manburg
1761 1297 1844 1378 Ar·
1910 1375 1914 1381 .

447 1405 661 1515 migratum,
699 1437 779 1490 una
816 1438 911 1493 cum
931 1414 1104 1496 Praesrde
1116 1418 1333 1525 praedidlo,
1363 1423 1447 1504 fore
1466 1443 1505 1505 et
1539 1425 1612 1508 esse
1632 1429 1782 1535 primos
1801 1450 1842 1512 et

447 1541 659 1623 modernos
679 1543 821 1652 viginti
840 1562 880 1627 et
898 1575 1028 1630 unum
1046 1549 1095 1628 de
1114 1550 1296 1636 Concilio
1314 1555 1477 1666 Regalis
1496 1560 1697 1642 Societatis
1729 1591 1843 1670 prae·
1898 1622 1900 1627 -

216 1677 601 1790 ulconruueadidan
646 1678 936 1762 continuandos
972 1681 1015 1763 in
1050 1683 1197 1765 eisdem
1234 1686 1416 1770 officiisd
1450 1693 1542 1772 datu
1571 1693 1841 1800 praesentium

222 1773 437 1913 {lslilrlli‘jlr
450 1811 567 1920 usque
585 1811 633 1893 ad
652 1811 894 1920 praedidum
912 1813 1058 1898 festum
1070 1821 1200 1900 aanoi
1215 1821 1396 1905 Andreae
1417 1825 1598 1934 Apostoli
1610 1828 1839 1935 proximum.

221 1911 316 1967 ems*
446 1943 623 2056 sequens,
651 1968 691 2028 et
710 1948 867 2048 deiude,
898 1951 1101 2062 quousque
1121 1954 1218 2034 aliae
1244 1954 1406 2039 idoneae
1425 1959 1609 2065 personae
1629 1982 1669 2043 et
1688 1944 1839 2046 habiles

439 2099 485 2160 et
517 2080 751 2163 sufficientes
784 2083 825 2163 in
852 2085 981 2167 officia
999 2085 1193 2194 praedidla
1217 2087 1360 2169 eladae
1380 2093 1592 2198 praefectae
1618 2114 1660 2174 et
1683 2095 1838 2202 juratae

439 2216 590 2298 suerint
614 2218 659 2327 (fi
690 2219 861 2301 tamdiu
882 2218 1067 2317 vixerint,
1097 2240 1164 2303 aut
1185 2250 1257 2330 pro
1288 2223 1416 2334 aliqua
1428 2224 1533 2334 justa
1551 2244 1591 2306 et
1611 2227 1837 2312 rationabili

249 2356 310 2410 ‘But
328 2351 422 2408 firstw
444 2352 557 2434 causa
586 2381 667 2436 nou
699 2348 1091 2471 amotae‘fuerint);
1125 2354 1374 2440 sacramentis
1412 2361 1678 2471 corporalibus
1703 2370 1841 2446 coram
1910 2431 1913 2440 .

210 2425 290 2487 take,
295 2423 382 2478 before
391 2425 434 2477 the

219 2494 421 2617 fipzfiffirastht
445 2489 618 2569 Praefide
649 2491 864 2596 praedictae
898 2491 1058 2597 Regalis
1093 2491 1312 2585 Societatis,
1355 2493 1404 2569 ad
1432 2495 1563 2573 officia
1595 2495 1660 2572 sua
1681 2497 1778 2572 bene
1795 2516 1839 2576 et

218 2635 270 2696 urs,
289 2635 395 2713 mutaris
443 2620 614 2719 fideliter*
644 2621 685 2700 in
723 2620 910 2700 omnibus
940 2639 980 2696 et
1015 2644 1083 2722 per
1115 2616 1250 2697 omnia
1268 2613 1399 2697 officia
1417 2617 1488 2698 illa
1508 2621 1709 2727 tangentia
1742 2649 1835 2703 exe·

217 2704 358 2759 mmm
442 2752 662 2864 quendum,
701 2750 809 2860 prius
843 2745 1091 2857 praestandis,
1120 2745 1337 2830 secundum
1370 2751 1541 2831 formam
1570 2772 1609 2832 et
1645 2751 1832 2835 effoetum

440 2884 624 2994 praedidi
657 2882 900 2978 sacramenti,
928 2881 1091 2963 mutatis
1120 2881 1335 2978 mutandis,
1366 2881 1533 2964 Praesrdi
1564 2884 1721 2995 Regalis
1760 2886 1832 2968 So·

439 3019 592 3102 rietatis
630 3018 843 3129 praedidae
871 3044 940 3128 per
966 3015 1261 3100 Cancellarium
1292 3016 1473 3100 nostrum
1499 3018 1674 3128 Angliae
1707 3019 1833 3100 admi·

435 3153 655 3248 nist-randi;
705 3152 788 3263 (cui
817 3151 979 3264 quidem
1011 3151 1176 3234 Praehdi
1196 3181 1267 3260 pro
1291 3171 1468 3262 tempore
1501 3151 1681 3236 existenti
1708 3151 1831 3234 sacra·

432 3308 574 3370 menta
592 3289 786 3397 praedicta
802 3287 1074 3369 administrare
1085 3288 1242 3396 plenam
1255 3289 1485 3397 potestatem
1497 3305 1537 3368 et
1549 3285 1830 3368 authoritatem

429 3453 510 3533 pro
538 3422 653 3506 uobis
686 3422 894 3504 heredibus
926 3440 967 3503 et
987 3419 1261 3504 successoribus
1297 3421 1438 3504 nostris
1457 3422 1596 3502 damus
1628 3438 1668 3502 et
1687 3446 1828 3502 conce·

439 3559 572 3641 dimus
600 3586 669 3668 pet
687 3555 920 3673 praesentes)
936 3589 948 3651 ;
984 3558 1040 3639 Et
1057 3559 1163 3667 quod
1182 3558 1342 3637 eaedem
1361 3555 1541 3663 personae
1559 3555 1623 3650 fic,
1650 3538 1699 3634 ut
1715 3581 1828 3661 prae·

428 3696 577 3790 fertur,
606 3695 653 3775 ad
668 3670 900 3777 Concilium
920 3692 1136 3800 praedidae
1155 3692 1311 3802 Regalis
1324 3690 1535 3773 societatis
1549 3690 1692 3770 eleRae
1719 3713 1829 3795 prae·

427 3831 560 3909 ,festae
578 3846 617 3906 et
630 3829 796 3934 juratae,
826 3848 865 3906 et
894 3828 942 3906 in
956 3826 1155 3935 posterum
1174 3827 1376 3935 eligendae
1402 3822 1682 3932 praeficiendae
1708 3820 1828 3927 etju·

434 3960 575 4042 randae
613 3952 661 4037 de
700 3977 875 4065 tempore
910 3960 951 4035 in
986 3979 1159 4064 tempus,
1188 3976 1303 4038 erunt
1325 3976 1363 4037 et
1402 3956 1565 4036 existent
1592 3954 1826 4034 auxiliantes

434 4091 678 4177 consulentes
689 4111 735 4171 ‚et
755 4089 960 4170 assistentes
981 4090 1022 4169 in
1052 4090 1236 4174 omnibus
1266 4089 1438 4187 materiis
1459 4090 1571 4169 rebus
1591 4109 1629 4169 et
1656 4088 1825 4198 negotiis

436 4228 645 4311 meliorem
671 4223 966 4337 ‹regulationem
998 4224 1324 4334 gubernationem
1355 4242 1396 4306 et
1431 4223 1684 4306 diredliouem
1713 4205 1825 4331 prae·

380 4412 381 4416 κ
436 4365 560 4446 dictae
577 4361 733 4472 Regalis
765 4340 982 4456 Societatis,
1001 4378 1049 4440 et
1084 4360 1289 4470 cujussibet
1319 4359 1494 4441 Mambri
1530 4359 1715 4469 ejusdem,
1737 4373 1824 4436 tan·

432 4498 618 4611 gentibus
638 4496 704 4580 seu
720 4495 1061 4578 concernentibus.

985 4662 1002 4692 '¹
1023 4658 1067 4714 Sic
1083 4656 1263 4716 inherbetur.

1749 4664 1822 4857 Er
