3832 5444
532 474 1859 603 cunnrArn1MA.‘3

248 664 488 748 faciendum
524 684 563 745 et
601 666 877 775 exequendum
897 663 944 743 de
960 681 1000 744 et
1036 661 1317 746 concernentia
1350 657 1522 740 eisdem‘
1525 720 1538 760 ‚
1569 687 1636 768 pet

160 858 166 865 -
249 826 397 882 nomen
407 798 678 905 praedrdlum
666 799 755 879 ·Et
769 799 875 908 quod
889 825 958 904 per
972 823 1118 878 nomen
1129 795 1308 904 Praefidrs
1319 793 1469 876 Conon
1475 812 1510 875 et
1521 793 1636 876 Sada
1643 766 1750 900 {ssJ‘jl
1768 761 1818 816 ²¹¹⁶
1828 761 1859 814 δ’

249 932 336 1014 lium
354 932 507 1040 Regalis
525 925 714 1011 Societatis
729 929 986 1038 praedidum,
1020 927 1204 1036 placitare
1225 950 1265 1009 et
1287 927 1537 1038 implacitari,
1565 927 1663 1007 res-

247 1065 417 1173 pondere
429 1084 469 1144 et
488 1061 723 1168 responderi,
738 1062 943 1176 defendere
955 1081 994 1142 et
1007 1062 1181 1157 defendi,
1212 1063 1258 1139 de
1278 1079 1430 1141 caetero
1446 1062 1485 1140 in
1503 1088 1637 1167 perpe·
1734 1148 1737 1168 Ι

249 1216 367 1278 tuum
381 1199 536 1277 valeant
549 1204 592 1275 et'
601 1193 755 1302 poffint,
772 1196 813 1273 in
829 1195 1126 1303 quibuscunque
1140 1194 1258 1274 curiis
1272 1195 1415 1301 placeis
1429 1213 1468 1274 et
1482 1193 1591 1287 locis,
1600 1216 1638 1273 et
1732 1180 1735 1186 ¹

220 1373 223 1379 ·
248 1359 384 1412 coram
402 1328 698 1439 quibuscunque
730 1326 930 1406 lodicibus
949 1347 992 1406 et·
1008 1325 1217 1406 lusticariis
1237 1343 1276 1405 et
1300 1327 1390 1407 aliis
1410 1327 1582 1435 personis
1600 1347 1639 1407 et

247 1463 447 1546 officiariis
480 1463 618 1543 nostris
648 1454 841 1541 heredum
861 1479 900 1540 et
937 1460 1195 1541 successorum
1215 1437 1456 1557 nostrorum,
1484 1460 1525 1539 in
1546 1480 1638 1542 om‘-

245 1597 363 1677 nibus
377 1614 417 1677 et
440 1596 601 1704 srngulis
616 1595 834 1677 astion-ibus
850 1591 1115 1702 placitissedlis
1127 1594 1296 1703 querelis
1310 1595 1429 1674 caufis
1461 1595 1636 1674 materiis

244 1732 358 1814 rebus
392 1749 431 1811 et
456 1724 659 1844 demandis
691 1728 1006 1841 quibuscunque,
1038 1726 1301 1836 cujuscunque
1331 1728 1404 1807 srnt
1434 1749 1500 1808 aut
1521 1750 1635 1809 eruut

245 1866 399 1977 generis
425 1885 586 1948 naturae
618 1864 681 1945 vel
717 1861 882 1972 speciei;
930 1859 1076 1942 eisdem
1113 1860 1235 1943 modo
1264 1880 1304 1941 et
1332 1863 1474 1971 forma,
1521 1881 1636 1968 prout
1692 1868 1694 1875 ‘

244 1997 368 2109 aliqui
387 1997 481 2107 ligei
501 1997 621 2079 nostri
640 1997 740 2081 intra
759 1996 838 2079 hoc
859 2024 1026 2106 regnum
1045 1995 1224 2077 nostrum
1243 1995 1424 2105 Angliae,
1454 1993 1635 2103 personae

243 2131 392 2213 habiles
410 2149 458 2211 et
486 2133 529 2253 in
559 2132 648 2242 lege
676 2157 850 2240 capaces,
870 2148 951 2210 *aut
977 2147 1023 2211 ut
1043 2127 1201 2238 aliquod
1224 2157 1365 2237 corpus
1385 2148 1635 2236 corporatum

241 2267 306 2346 vel
325 2265 534 2372 politicum
555 2267 656 2342 intra
674 2264 753 2343 hoc
774 2289 943 2369 regnum
968 2261 1146 2342 nostrum
1166 2262 1350 2368 Angliae,
1384 2261 1525 2342 habere
1545 2288 1635 2369 per-

244 2394 399 2504 quirere
417 2395 584 2499 recipere
605 2394 786 2498 possidere
813 2393 900 2469 dare
915 2409 959 2470 et
975 2391 1204 2483 concedere,
1233 2392 1418 2498 placitare
1436 2409 1477 2470 et
1496 2392 1636 2498 impla·

245 2526 371 2620 citari,
401 2524 627 2631 respondere
645 2541 686 2603 et
704 2520 938 2630 responderi,
967 2521 1173 2602 defendere
1192 2524 1255 2603 vel
1274 2523 1447 2620 defendi,
1481 2527 1633 2606 valeant

243 2679 282 2741 et
301 2657 456 2767 possint,
474 2657 608 2739 ualeat
633 2675 673 2737 et
691 2659 805 2764 posfit
821 2685 841 2748 ;-
863 2656 918 2737 Et
944 2655 1053 2767 quod
1072 2654 1192 2736 iidem
1218 2654 1372 2738 Praeses
1399 2658 1631 2740 Concilium

241 2815 282 2876 et
302 2793 459 2875 Sodales
478 2790 636 2902 Regalis
647 2790 849 2874 Societatis
865 2790 1079 2898 praedidlae
1098 2789 1375 2874 etsucceslores
1390 2789 1449 2893 sui
1464 2792 1633 2874 habeant

240 2929 548 3037 inperpetuum
577 2904 792 3019 o⁸nomune
812 2923 1011 3036 Sigillum,
1041 2952 1114 3033 pro
1141 2925 1259 3006 cansrs
1295 2946 1335 3006 et
1355 2927 1521 3036 negotiis
1554 2927 1631 3008 sors
1641 2929 1812 3056 gomln
1738 3006 1816 3056 usn
1820 3005 1842 3057 n

241 3081 282 3144 et
319 3058 576 3147 successorum
608 3061 769 3143 suornm
805 3057 1102 3171 quibuscunque
1132 3059 1291 3170 agendis
1321 3058 1631 3154 deserviturum
1805 3023 1854 3070 ’

241 3211 280 3276 et
298 3194 406 3305 quod
441 3195 538 3276 bene
571 3194 685 3277 liccat
703 3215 742 3276 et
771 3193 908 3276 licebit
927 3193 1072 3274 eisdem
1100 3193 1265 3276 Praesrdi
1284 3192 1468 3277 Concilio
1496 3215 1534 3275 et
1554 3199 1628 3278 So·

241 3329 393 3410 delibus
413 3328 574 3438 Regalis
605 3326 809 3412 Societatis
834 3327 1062 3436 praedid'tae,
1092 3345 1131 3408 et
1151 3325 1424 3410 successoribus
1453 3331 1529 3410 suis
1558 3359 1630 3437 pro

239 3481 417 3570 tempore
453 3461 718 3560 existentibus,
759 3461 944 3571 Sigillum
984 3462 1083 3543 illud
1113 3463 1160 3541 de
1191 3479 1368 3570 tempore
1402 3439 1442 3541 in
1473 3482 1630 3566 tempus

240 3593 417 3702 frangere
451 3615 603 3676 mutare
623 3615 662 3676 et
695 3595 749 3676 de
772 3623 880 3678 novo
900 3597 1043 3692 facere,
1072 3614 1190 3702 prout
1210 3597 1256 3674 iis
1296 3594 1440 3672 melius
1459 3593 1810 3676 fofev,‚n1tratreu

240 3726 394 3807 debitur
408 3728 590 3836 expediri
1638 3666 1683 3719 n
1685 3666 1764 3721 alm
1810 3749 1814 3752 “

293 3933 376 4030 Er,
403 3929 509 4045 quod
531 3931 698 4015 intentio
719 3933 848 4015 nostra
869 3934 974 4045 regia
1001 3933 1203 4016 meliorem
1226 3913 1409 4031 sortiatur
1428 3936 1628 4046 essedum,

239 4092 284 4146 ac
304 4094 375 4173 pro
404 4071 509 4150 bono
538 4068 730 4176 regimine
750 4089 787 4150 et
818 4069 1100 4179 gubernatione
1121 4070 1334 4178 praedidlae
1372 4072 1527 4182 Regalis
1558 4077 1629 4153 So·
1707 4119 1713 4130 ·

239 4192 389 4279 cieratis
419 4201 465 4279 de
485 4221 662 4308 tempore
695 4205 738 4283 in
766 4222 935 4314 tempus,
977 4231 1210 4300 vocvnrvs,
1241 4233 1285 4284 ac
1315 4234 1382 4312 per
1411 4185 1628 4312 praesentes

238 4361 308 4439 pro
329 4331 442 4412 nobis
460 4331 666 4415 heredibus
684 4355 722 4415 et
743 4335 1019 4419 successoribus
1052 4339 1188 4420 nostris
1208 4338 1464 4421 concedimus
1491 4340 1628 4419 iisdem

238 4465 407 4547 Praesrdi
439 4465 621 4551 Concilio
650 4485 688 4548 et
722 4468 1143 4555 Sodalibussocietatis
1168 4473 1325 4584 Regalis
1344 4451 1559 4581 praedidlae
1591 4491 1630 4553 et

788 4679 901 4740 'Sr'cr‘n
916 4681 1106 4749 Anthemio,
1220 4731 1226 4741 .
1295 4763 1299 4768 ι

847 4783 925 4865 bz
1101 4818 1110 4827 ·
1354 4782 1626 4867 successoribus
