3832 5444
546 516 924 604 CHARTA
1002 518 1373 605 TERTIA.

219 708 226 714 ·’
241 744 245 749 -
261 709 353 764 mus
373 680 605 791 pereusdem‘
617 679 773 762 Literns
792 679 939 762 nostres
958 698 1149 787 patentes,
1164 677 1322 789 *absque
1341 680 1446 763 brevi
1466 682 1655 765 commis·

259 815 366 899 fione
386 817 459 896 five
478 815 653 895 ulteriori
682 834 879 897 warranto
909 816 950 894 in
981 841 1026 894 ea
1042 831 1152 919 parte
1181 813 1203 893 d
1231 814 1344 896 nobis
1376 815 1584 913 heredibus
1618 836 1658 905 et

246 948 538 1032 -succefforibus
575 948 716 1029 nostris
744 947 997 1056 procurandis
1027 946 1089 1026 seu
1110 945 1358 1041 obtinendis3
1386 953 1446 1032 Ac
1466 953 1573 1062 quod
1591 956 1656 1067 ipsi

258 1104 300 1164 et
319 1082 547 1166 succeffores
563 1110 716 1176 eorum,
747 1081 811 1161 seu
834 1082 955 1190 aliqui
976 1108 1121 1160 novem
1143 1080 1203 1159 vel
1223 1081 1355 1187 plures
1385 1118 1524 1172 eorum
1543 1092 1659 1203 (quo.

240 1246 350 1300 rum
372 1216 608 1299 Praefidem
603 1243 673 1321 pro
693 1232 869 1322 tempore
887 1215 1087 1306 existente,
1110 1215 1221 1293 vele'
1189 1243 1270 1322 ejus
1288 1217 1453 1324 deputat
1456 1235 1538 1307 um,
1561 1215 1659 1285 lem·

200 1364 201 1369 ’
225 1357 249 1417 ’ἵ
259 1380 329 1460 per
356 1378 483 1432 unum
503 1347 791 1461 effevolumus)
806 1366 1020 1428 conventus
1042 1346 1106 1426 seu
1126 1352 1451 1458 congregationes
1471 1346 1518 1424 de
1538 1334 1660 1444 seiplis

257 1514 330 1593 pro
351 1489 705 1592 experimentorum
730 1503 768 1560 et
798 1482 1201 1586 rerumnaturalium
1232 1483 1459 1594 'cognitione
1485 1499 1523 1559 et
1546 1474 1657 1556 inda·

255 1619 349 1727 gine
367 1616 526 1728 aliisque
557 1615 727 1724 negotiis
758 1616 806 1695 ad
839 1615 1073 1698 Societatem
1116 1618 1361 1725 praediblam.
1385 1612 1658 1724 spedantibus,
1705 1668 1708 1672 ι

241 1731 412 1861 quoties
430 1773 468 1832 et
488 1752 648 1861 quando
667 1778 765 1856 opus
786 1750 929 1843 fuerit,
949 1750 1057 1831 licite
1083 1751 1208 1853 facere
1227 1770 1266 1833 et
1297 1752 1439 1870 habere
1458 1743 1660 1858 pollinem

248 1885 433 1994 collegio
449 1887 524 1965 five
541 1886 630 1965 aula
658 1885 731 1964 five
763 1884 855 1967 alio
874 1889 962 1967 loco
982 1887 1230 1968 commodo¹
1251 1889 1374 1990 intra
1384 1886 1575 1970 civitatem
1594 1910 1656 1962 no·
1640 1909 1879 2035 'ffissi‘ffffi‘'

245 2020 372 2124 stram
391 2019 580 2112 london,
603 2020 719 2101 velrn
734 2021 861 2153 aliquo
874 2017 949 2100 alio
964 2023 1033 2104 ioco
1053 2022 1262 2106 commodo
1245 2043 1348 2104 intra
1359 2022 1475 2114 decem
1489 2052 1537 2103 mr
1533 2020 1772 2104 l‘tiariaeowers
1775 2069 1852 2123 ‚gran
1837 2065 1878 2103 ne

241 2154 304 2236 ab
321 2155 500 2236 eadem
464 2155 581 2235 civita
582 2155 780 2262 trentstra
813 2159 981 2236 Etcum
1013 2156 1157 2234 diversa
1177 2177 1215 2233 et
1235 2158 1340 2237 varia
1371 2184 1429 2236 res
1434 2121 1867 2265 potestatesidhiiteiiain.

258 2288 458 2367 libertates
481 2301 519 2363 et
541 2287 806 2391 privilegiam
828 2285 964 2364 iisdem
985 2285 1133 2380 Literis
1152 2288 1290 2365 nostris
1310 2289 1534 2392 patentibus
1552 2289 1660 2394 prae-
1660 2260 1861 2405 ”issedb‘bii‘iy

242 2419 342 2503 fato
361 2417 528 2496 Praefidi
549 2414 732 2494 Concilio
752 2440 796 2494 ac
815 2414 1019 2494 Sodalibus
1042 2413 1203 2524 Regalis
1225 2416 1427 2497 Societatis
1448 2421 1659 2525 praedictae
1670 2395 1857 2528 ahdfflssfl‘

252 2550 470 2645 concessa,
478 2549 623 2626 virtute
639 2544 799 2627 istarum
818 2546 1051 2628 Lite'rarurn
1070 2548 1290 2629 nostrarum
1311 2553 1545 2657 patentium,
1575 2583 1654 2634 non
1667 2537 1874 2668 {sossvo‘f'tggm

257 2685 354 2769 sunt
367 2683 586 2763 exercenda
617 2681 795 2761 facienda
823 2680 1122 2789 performnnda
1132 2680 1198 2762 seu
1228 2689 1465 2794 exequenda,
1497 2688 1565 2774 nist
1591 2716 1658 2795 per
1666 2671 1859 2798 ilmffiffi

255 2816 497 2926 praedielum
533 2815 754 2906 Praefidem
787 2834 827 2910 et
857 2816 1100 2911 Concilium,
1139 2804 1207 2898 aut
1242 2819 1395 2930 aliquos
1424 2821 1569 2931 septem
1597 2825 1657 2904 vel

245 2954 387 3073 'plures
407 2979 571 3041 eorum;
602 2953 762 3029 Etcum
781 2950 945 3029 ulterius
981 2977 1049 3058 per
1081 2953 1293 3059 praediolas
1318 2955 1476 3036 Literas
1508 2957 1654 3038 nostras
1788 3002 1791 3008 ·

255 3106 432 3196 patentes
453 3098 523 3191 pro
545 3083 659 3162 nobis
678 3082 885 3162 heredibus
905 3102 944 3163 et
965 3075 1238 3164 succelloribus
1259 3087 1397 3167 nostris
1417 3087 1596 3170 dedimus
1615 3109 1654 3171 et

254 3220 509 3302 concellimus
535 3217 716 3326 praefatis
752 3203 913 3296 Prae'fidi
933 3213 1114 3299 Concilio
1145 3237 1185 3297 et
1206 3219 1410 3303 Sodalibus
1434 3226 1651 3331 praediilae

242 3354 411 3467 'Regalis
430 3350 647 3446 societatis,
678 3369 717 3432 et
738 3349 1014 3434 suecessoribus
1033 3351 1109 3435 suis
1125 3352 1164 3433 in
1177 3338 1411 3463 perpetuum
1429 3357 1469 3456 ²‚'
1489 3361 1565 3440 five
1580 3358 1651 3438 ali·
1674 3348 1676 3353 ’

242 3491 399 3602 ¹quibus
412 3489 552 3599 viginti
568 3506 603 3570 et
623 3489 688 3570 uni
703 3489 767 3569 vel
782 3486 952 3601 pluribus
971 3517 1110 3570 eorum
1130 3488 1322 3598 (quorum
1346 3493 1562 3572 Praefidem
1581 3520 1654 3600 pro
1746 3526 1750 3530 ·

183 3630 433 3741 ='tempore
457 3623 656 3717 existente,
685 3622 795 3700 vel
763 3643 845 3729 ejus
864 3625 1127 3728 Deputatum,
1158 3622 1307 3728 semper
1330 3650 1459 3703 unum
1477 3623 1551 3704 effe
1580 3653 1651 3709 vo·
1745 3714 1747 3719 ,
1831 3706 1840 3714 „

239 3733 484 3883 'lumtisjseu
497 3756 635 3861 majori
656 3755 757 3862 parti
777 3747 1065 3888 praediciorum
1079 3747 1221 3860 viginti
1237 3774 1272 3834 et
1287 3756 1393 3837 unius
1405 3758 1651 3888 velpluriurn,

253 3878 410 4003 plenam
432 3885 664 3999 potestatem
683 3907 723 3968 et
742 3870 1024 3968 authoritatem
1044 3886 1092 3967 de
1120 3904 1298 3997 tempore
1330 3891 1370 3971 in
1401 3912 1559 4002 tempus
1579 3882 1652 3978 eli·

254 4025 375 4139 gendi
395 4026 627 4111 nominandi
643 4047 682 4108 et
700 4022 961 4109 constituendi
976 4044 1104 4104 unum
1123 4025 1187 4104 vel
1204 4026 1334 4133 plures
1353 4027 1647 4140 Typographos

176 4263 179 4268 .
254 4159 331 4240 five
357 4157 616 4266 Impreffores,
646 4181 690 4253 et¹
717 4157 1042 4270 Chalcographos
1073 4160 1136 4240 seu
1161 4159 1399 4268 Sculptores,
1428 4185 1467 4244 et
1492 4165 1561 4272 ipsi
1584 4166 1647 4246 vel

238 4286 343 4410 iipfis
358 4306 426 4401 per
445 4291 632 4402 scriptum
651 4294 858 4375 communi
870 4292 1011 4402 ¹Sigillo
1029 4294 1245 4401 praedidae
1266 4295 1432 4404 Regalis
1447 4296 1649 4379 Societatis

254 4426 483 4543 ligillatum,
509 4440 549 4511 e't
568 4438 687 4508 manu
721 4425 906 4508 Praefidis
934 4422 1006 4537 pro
1038 4446 1215 4536 tempore
1239 4428 1423 4510 existente
1441 4431 1651 4543 fignatum,

452 4669 462 4688 ·
559 4636 838 4721 ’Μηνᾶ
1006 4712 1022 4738 ,,
1062 4637 1337 4735 :vomeres
1471 4605 1475 4612 ⁸

927 4738 958 4822 h
1400 4745 1649 4832 *facultatem
