3832 5444
485 530 889 620 CHARTA
936 525 1385 619 SECVNDA.

246 689 354 772 suis
344 718 385 771 rn
407 689 519 773 feodo
537 710 575 770 et
595 691 868 804 perpetuitate,
898 693 961 770 vel
988 717 1059 795 pro
1074 685 1245 768 termino
1265 681 1364 762 vitae
1383 676 1554 759 vitarum
1575 661 1638 749 vel

245 816 455 919 annorum,
485 825 547 904 seu
568 827 678 906 aliter
697 853 933 937 quocunque
953 808 1089 919 modo,
1119 847 1163 902 ac
1182 817 1300 900 etiam
1321 815 1423 896 bona
1443 828 1482 891 et
1502 803 1643 887 catalla

246 984 292 1038 ac
315 986 451 1040 omnes
476 959 571 1040 alias
592 985 650 1037 res
664 956 943 1075 cujuscunque
973 954 1118 1035 fuerint
1151 953 1304 1061 generis
1322 970 1482 1028 naturae
1502 928 1642 1048 speciei
1699 976 1703 984 ·

242 1090 322 1172 >sive
353 1090 554 1204 qualitatis
584 1089 748 1199 (statuto
776 1095 843 1172 De
872 1087 1153 1172 alienationem
1185 1112 1332 1164 manum
1352 1099 1532 1161 mortuam
1556 1099 1639 1154 non

246 1224 423 1306 obstante
437 1229 469 1338 3)
498 1252 652 1305 necnon
691 1225 738 1303 ad
770 1224 943 1312 dandum
973 1217 1269 1302 concedendum
1298 1236 1340 1297 et
1372 1209 1640 1322 assignandum
1651 1211 1700 1266 ud
1712 1223 1847 1291 rom,

247 1359 385 1438 eadem
415 1377 535 1439 terras
564 1354 786 1439 tenemento
816 1375 855 1437 et
886 1353 1195 1437 hereditameota
1225 1349 1328 1433 bona
1360 1368 1399 1427 et
1418 1343 1572 1438 catalla,
1602 1358 1642 1417 et

248 1491 388 1572 omnia
405 1491 505 1572 facta
524 1511 563 1572 et
590 1518 649 1571 res
675 1480 897 1571 occellarias
916 1487 1143 1599 faciendum
1156 1503 1195 1566 et
1222 1478 1496 1594 exequendum
1527 1475 1574 1554 de
1602 1489 1643 1551 et

248 1625 521 1706 concernentia
539 1625 690 1718 eadem,
719 1651 788 1730 per
815 1651 962 1705 nomen
981 1619 1249 1732 praedictum
1283 1619 1334 1699 Et
1352 1615 1458 1726 quod
1479 1637 1546 1719 per
1565 1635 1638 1688 no·
1651 1606 1864 1741 ffiwdslt'w‘l

250 1783 344 1838 men
365 1756 549 1871 Praesidir
570 1756 724 1840 Conci!
693 1788 721 1837 rr
745 1774 781 1838 et
808 1757 992 1839 Sodalim
1019 1754 1170 1865 Regalis
1190 1749 1379 1835 societatis
1399 1743 1557 1828 bandini
1574 1760 1646 1853 pro

236 1886 573 2002 scicntianaturali
589 1889 837 2002 promovenda
854 1891 1111 2000 praedictum,
1137 1872 1319 1997 placitare
1333 1902 1372 1964 et
1392 1878 1643 1990 implacitari,

249 2023 474 2161 respondere
504 2045 543 2106 et
571 2022 806 2134 responderi,
836 2019 1042 2107 defendere
1070 2041 1110 2104 et
1140 2020 1310 2118 defendi,
1339 2019 1388 2099 de
1420 2035 1572 2097 caetero
1604 2011 1646 2090 in

249 2154 484 2264 perpetuum
502 2161 658 2240 valeant
686 2179 726 2239 et
747 2159 948 2264 poffint,
940 2187 981 2239 tn
999 2156 1298 2267 quibuscunque
1316 2152 1433 2233 curiis
1449 2148 1594 2260 placeio
1612 2167 1653 2226 et

252 2289 367 2384 locis,
397 2308 438 2368 et
468 2315 606 2367 coram
634 2289 931 2397 quibuscunque
955 2288 1156 2369 lodicibus
1182 2305 1221 2365 et
1247 2282 1470 2365 lulliciariis
1497 2300 1537 2361 ct
1565 2277 1652 2360 aliis

253 2417 425 2527 personis
440 2435 479 2497 et
498 2417 696 2498 officiariis
715 2418 855 2498 uostris
873 2416 1064 2498 heredum
1083 2435 1124 2497 et
1141 2413 1399 2496 successorum
1413 2411 1650 2507 nostrorum,

254 2551 296 2631 in
316 2548 505 2631 omnibus
524 2567 564 2663 et
581 2549 744 2658 fingulis
763 2549 997 2646 aldionibus,
1025 2569 1114 2630 tum
1135 2548 1300 2637 realibus
1327 2567 1415 2628 tum
1443 2543 1653 2656 personali·

253 2683 340 2775 bus,
370 2679 524 2789 placitis
552 2680 662 2764 settis
689 2683 861 2795 querelis
889 2685 1010 2766 causas
1043 2682 1218 2765 materiis
1250 2685 1365 2764 rebus
1390 2700 1428 2761 et
1446 2672 1652 2762 demendis

252 2816 564 2926 quibuscunque,
598 2816 865 2928 cujuscunque
898 2817 972 2899 snrt
992 2838 1059 2900 aut
1086 2836 1201 2900 eruut
1227 2815 1381 2928 generis
1400 2834 1561 2896 naturae
1589 2814 1653 2894 vel

252 2947 423 3058 speciei3
453 2947 597 3031 eisdem
618 2952 738 3033 modo
763 2971 804 3034 et
834 2940 973 3048 forma,
1002 2974 1118 3061 prout
1138 2951 1260 3063 aliqui
1280 2949 1376 3061 ligei
1403 2947 1529 3061 nostri¹
1550 2934 1654 3047 intra

252 3082 329 3200 hoc
350 3110 519 3192 regnum
538 3081 716 3165 nostrum
737 3086 923 3196 Angliae,
951 3084 1132 3193 personae
1152 3087 1302 3168 habiles
1321 3104 1360 3194 et
1374 3084 1416 3165 in
1433 3068 1652 3194 legecapa·

254 3243 333 3314 ces,
362 3236 430 3299 aut
454 3235 498 3297 ut
517 3213 678 3330 aliquod
705 3245 847 3327 corpus
865 3241 1118 3327 corporatum
1137 3222 1201 3301 vel
1226 3217 1437 3328 politicum
1453 3219 1554 3299 intra
1573 3216 1652 3305 hoc

252 3376 424 3461 reguum
451 3349 627 3434 nostrum
649 3353 835 3463 Angliae‚
864 3353 1005 3435 habere
1028 3353 1251 3465 perquirere
1271 3352 1438 3462 recipere
1466 3349 1653 3460 possidere

252 3483 343 3565 dare
362 3504 401 3566 et
420 3485 633 3568 concedere
656 3487 839 3594 placitare
859 3508 899 3568 et
917 3488 1167 3597 implacitari‚
1189 3489 1414 3596 respondere
1433 3503 1473 3566 et
1491 3481 1646 3590 respon·

254 3617 350 3712 deri,
378 3619 582 3700 defendere
600 3622 660 3701 vel
681 3621 852 3718 defendi,
882 3622 1036 3701 valeant
1060 3643 1098 3700 et
1119 3620 1279 3730 possint,
1302 3620 1429 3698 valeat
1447 3636 1488 3698 et
1511 3615 1808 3725 poffit3211dtohu
1792 3645 1850 3685 e·

1657 3715 1779 3752 common

232 3746 311 3830 -Et
339 3749 445 3857 quod
469 3750 611 3832 iidem
620 3755 771 3834 Praeses
794 3753 1015 3834 Consilium
1034 3773 1072 3833 et
1092 3754 1264 3834 Sodales
1259 3751 1428 3862 Regalis
1445 3698 1866 3891 Societarisroiehae

253 3882 467 3988 praedidlae
497 3905 537 3966 et
566 3884 791 3967 successores
813 3884 869 3967 sui
904 3886 1110 3966 habeant
1101 3915 1143 3970 m
1174 3906 1406 3997 perpetuum
1434 3835 1851 4011 commatici-iiiiii*

253 4012 456 4122 Sigillum,
481 4047 551 4127 pro
566 4019 685 4101 causas
699 4040 738 4099 et
756 4019 925 4128 negotiis
939 4019 1015 4100 suis
1027 4041 1074 4141 et
1094 4020 1354 4104 successorum
1377 4020 1540 4140 suorum
1558 4020 1647 4134 qui·
1614 3973 1805 4044 pm)

254 4148 480 4259 buscunquc
506 4153 663 4261 agendis
683 4153 992 4248 deserviturum3
1024 4174 1062 4234 et
1081 4158 1188 4268 quod
1208 4159 1305 4238 bene
1324 4157 1441 4238 liceat
1459 4177 1498 4239 et
1513 4158 1647 4239 licebit

252 4280 397 4363 eisdem
412 4282 575 4364 Praesrdi
593 4287 749 4369 Cocilio
763 4301 802 4365 et
812 4286 1012 4367 Sodalibus
1024 4288 1396 4399 RegalisSocietatis
1415 4293 1645 4399 praedictae,

252 4435 292 4496 et
320 4413 592 4503 successoribus
623 4416 699 4498 suis
727 4447 799 4526 pro
828 4438 1005 4526 ternpore
1034 4421 1299 4521 existentibus,
1328 4425 1515 4532 Sigillum
1544 4412 1646 4504 illud

254 4546 301 4629 de
319 4550 554 4659 temporein
576 4569 733 4661 tempus
747 4548 925 4661 frangere
945 4571 1098 4635 mutare
1123 4557 1226 4638 etde
1245 4585 1350 4640 novo
1369 4559 1508 4658 facere,
1528 4581 1645 4669 prout

255 4678 309 4760 eis
328 4684 467 4770 melius
482 4686 566 4770 fore
587 4684 979 4813 videbiturexpediri.

1476 4877 1646 4964 Dantur
