3832 5444
173 388 227 465 24
644 365 1550 459 cnaaaasacvuuo

170 512 266 568 consen

169 582 265 641 team.
286 515 337 592 μή
393 526 505 607 tem.¹
525 521 611 630 'post
639 523 776 607 datum
800 526 1073 635 praesentium,
1103 526 1431 634 continuabitet
1454 528 1655 639 quousque
1683 536 1789 613 uuus

391 655 491 737 alius
511 657 559 737 de
578 655 763 739 Concilio
780 660 939 766 Regalis
962 656 1163 742 Societatis
1182 663 1398 768 praedidlae
1412 690 1480 768 pro
1499 682 1676 770 tempore
1704 666 1788 745 exi-

393 788 516 870 stente
532 789 580 870 ad
598 790 776 873 officium
798 791 895 875 illud
916 791 1047 873 debito
1078 797 1199 882 modo
1227 797 1372 875 clodius
1390 795 1605 902 praefedtus
1625 816 1665 876 et
1676 797 1794 904 juras

391 940 454 1001 tus
474 921 605 1018 fuerit,
627 926 743 1036 juxta
760 925 1049 1007 ordinationem
1068 945 1108 1006 et
1134 927 1391 1032 provifiouem
1416 927 1457 1009 in
1488 927 1550 1011 his
1579 929 1789 1035 praesenti·

390 1055 464 1137 bus
479 1056 639 1137 inferius
659 1059 870 1166 expressam
891 1046 936 1139 et*
949 1059 1202 1157 declaratam,
1233 1060 1278 1168 (st
1306 1058 1521 1167 praedialis
1539 1060 1791 1144 willielmus

170 1208 214 1262 m
232 1206 339 1263 laetu
352 1188 623 1277 avicecomes
655 1187 862 1273 Brouocker
894 1211 976 1272 tam
1009 1189 1076 1272 diu
1108 1192 1248 1273 vixerit
1261 1195 1296 1304 3)
1310 1192 1561 1303 ¹sacramento
1577 1193 1791 1303 ¹corporali,

170 1280 203 1331 tie
224 1276 279 1332 first
297 1277 404 1337 swom.
548 1322 556 1338 .
809 1324 816 1339 .
884 1323 893 1339 .
1042 1325 1050 1340 .
1150 1323 1159 1338 .
1437 1326 1447 1344 .
1589 1338 1592 1343 .

157 1346 200 1401 tn
220 1344 307 1401 utare
338 1348 433 1403 tuam
448 1325 634 1405 ommbus
648 1342 688 1402 et
704 1352 770 1428 per
785 1352 920 1405 omma
947 1322 1125 1405 officium
1149 1325 1246 1405 illud
1273 1344 1488 1434 tangentia,
1518 1327 1618 1415 betae
1636 1347 1676 1409 et
1694 1325 1791 1409 fide·

170 1417 382 1579 lupfacamu.
391 1456 481 1537 litet
491 1456 783 1564 exequendum,
813 1454 1029 1539 seeundum
1059 1485 1191 1539 veram
1210 1457 1470 1541 intentionem
1485 1459 1642 1542 'harum
1677 1488 1787 1566 prae·

393 1589 578 1685 sentium,
608 1617 742 1673 coeam
770 1591 1004 1701 praedilecto
1022 1610 1063 1673 et
1083 1618 1270 1701 perquam
1297 1591 1403 1705 fideli
1426 1592 1717 1702 consanguineo
1746 1611 1788 1680 ot

393 1723 610 1807 consiliatio
629 1723 760 1834 nostro
775 1725 969 1808 Eduardo
988 1726 1148 1807 Comite
1161 1721 1359 1811 Clorendon
1377 1725 1624 1811 Cancellatio
1653 1725 1788 1808 nostro

389 1857 562 1967 Angliae
576 1859 680 1965 prius
695 1857 889 1967 praestito,
917 1858 1001 1968 (cui
1020 1859 1182 1970 quidem
1201 1860 1401 1945 Eduardo
1414 1859 1567 1974 Comiti
1587 1858 1787 1942 Clotendon

391 1991 640 2075 Cancellario
661 1991 791 2074 nostro
818 1970 1013 2100 praedido
1032 1995 1320 2075 {aeramentum
1348 1992 1590 2102 praedidtum
1617 1991 1788 2072 admini-

394 2127 510 2208 strare
531 2127 688 2236 plenam
706 2127 933 2236 potestatem
948 2144 986 2207 et
1000 2126 1278 2209 authoritatem
1293 2129 1432 2209 damus
1444 2146 1482 2209 et
1497 2124 1786 2235 concedimua)

394 2260 435 2341 iu
456 2261 553 2342 haec
570 2263 686 2345 verba
705 2259 916 2372 sequentia,
947 2261 1026 2343 viz.
1053 2262 1570 2377 lW1tt1amll1scouuu
1582 2259 1788 2347 Buouuc·
1886 2370 1889 2375 Ι

394 2424 484 2481 xta
503 2397 566 2481 doe
576 2398 733 2511 promise
751 2416 786 2480 to
806 2397 907 2480 dealt
909 2396 1113 2510 fitithsulp’
1127 2397 1206 2511 aad
1215 2397 1367 2507 mally
1379 2396 1418 2478 in
1434 2396 1492 2479 all
1505 2395 1629 2503 things
1642 2393 1788 2502 belong·
1887 2380 1892 2391 ’

392 2530 458 2638 ing
475 2551 513 2610 to
529 2533 591 2610 the
609 2535 704 2637 trist
721 2531 927 2612 committed
936 2549 972 2608 to
989 2558 1058 2624 me,
1074 2559 1129 2609 os
1143 2528 1329 2634 Prestdent
1353 2525 1404 2630 os
1415 2527 1477 2601 the
1495 2525 1638 2627 Royoll
1647 2523 1788 2626 Society

391 2662 440 2772 of
447 2659 600 2743 London
606 2659 678 2769 sor
694 2658 905 2767 improving
931 2657 1099 2737 natural!
1108 2729 1111 2733 .
1121 2653 1348 2760 knowledge,
1377 2651 1533 2758 dureing
1551 2677 1609 2756 my
1627 2648 1784 2756 employ-

378 2809 490 2883 ment
508 2791 647 2882 iethet
665 2790 860 2905 capacity:
890 2787 937 2869 So
954 2787 1035 2897 help
1054 2813 1109 2868 me
1123 2783 1237 2901 Godl

451 2997 806 3079 Asstouavtmvs
821 2989 941 3073 etiam
956 2987 1231 3074 constituimus
1250 3007 1288 3070 et
1314 2985 1495 3082 fecimuS‚
1523 3013 1569 3067 ac
1596 3007 1788 3094 perprae-

203 3123 220 3156 ⁰
269 3207 278 3224 ,
396 3129 521 3210 sentes¹
549 3154 619 3236 pto
649 3127 763 3209 nobis
795 3124 1005 3208 heredibus
1039 3143 1079 3207 et
1112 3119 1387 3207 successoribus
1424 3120 1566 3203 nostris
1605 3119 1789 3212 facimus,

393 3262 556 3344 diledlos
575 3263 689 3344 uobis
707 3282 746 3343 et
760 3261 893 3344 fideles
907 3263 1124 3371 Robertum
1138 3264 1276 3372 Moroy
1291 3256 1466 3342 Militem
1483 3281 1610 3353 unum
1630 3280 1652 3334 a
1670 3254 1790 3333 secre-

393 3397 544 3480 totibus
561 3397 700 3478 nostris
713 3394 894 3478 conciliis
914 3395 954 3476 in
976 3423 1098 3504 tegno
1112 3393 1243 3494 nostto
1257 3390 1423 3484 Scotiae,
1441 3391 1662 3482 Robettum
1678 3378 1793 3498 Bople

380 3533 665 3644 -Armigerum,
694 3530 970 3612 Willielinum
1000 3530 1181 3611 Brereton
1201 3525 1462 3635 Armigetum
1488 3523 1619 3621 filium
1638 3519 1795 3632 ptimo·

360 3706 364 3713 ·
396 3670 577 3776 genitum
595 3665 754 3750 Batonis
772 3665 820 3748 de
840 3667 1037 3758 Brereton,
1068 3657 1462 3767 KeuelmumjDigby
1483 3656 1660 3738 Militem
1684 3681 1796 3764 ptae·

259 3798 266 3819 '
398 3799 639 3880 chatiffimae
660 3799 775 3881 matri
803 3800 953 3881 nostrae
971 3797 1121 3878 Mariae
1140 3796 1312 3902 Reginae
1331 3790 1641 3882 Cancellatium,
1669 3787 1796 3865 ²Gil-

400 3935 558 4012 bettum
573 3929 614 4010 Τ
608 3929 706 4009 albot
724 3930 903 4008 Militem
914 3929 1108 4032 jocalium
1125 3925 1346 4006 nostrorum
1357 3923 1676 4020 Thesautarium
1692 3917 1796 4000 Pau·

222 4091 240 4103 ··
275 4076 280 4088 ’
320 4162 340 4171 ..
401 4069 491 4148 lum
499 4062 608 4144 Neile
624 4060 800 4142 Militem
819 4087 949 4138 unum
962 4058 1223 4138 Ostiariorum
1241 4078 1415 4137 camerae
1435 4052 1607 4160 privatae
1625 4053 1793 4152 nostrae,

254 4284 259 4307 τ
301 4299 304 4311 ·
441 4268 453 4297 ¹
474 4265 518 4320 Sic
530 4267 557 4320 in
571 4263 705 4320 Authent.
718 4277 742 4318 et
754 4261 885 4341 aliquoties
897 4260 976 4335 infra·

439 4341 454 4373 ²
475 4343 520 4401 Sit
533 4342 634 4401 Gitlert
647 4338 802 4400 Talbotand
814 4342 873 4413 Me.
886 4339 950 4398 Hill
970 4358 1042 4401 were
1064 4354 1114 4400 oot
1136 4338 1168 4401 in
1179 4339 1229 4399 the
1243 4337 1299 4399 sust
1312 4337 1448 4404 Chmmrz
1466 4342 1551 4421 They
1564 4323 1665 4419 supply
1676 4337 1725 4395 tlte
1736 4331 1798 4417 lla.

403 4421 512 4486 tandm
526 4419 561 4481 of
576 4419 627 4479 Dr.
640 4422 734 4479 Wattis
746 4418 801 4477 and
811 4418 863 4478 Dr·
878 4412 966 4476 Waen.
1423 4422 1426 4427 '

730 4519 744 4564 t
1376 4500 1380 4506 ’
1446 4541 1451 4550 .
1578 4485 1802 4572 Henticum¹
