3832 5444
729 510 1104 599 CHARTA
1176 504 1549 605 TERTIA,

450 659 680 748 facultatem
700 671 952 771 concedendi,
984 688 1029 754 ut
1058 672 1288 781 imprimant
1314 675 1409 756 tales
1429 703 1488 757 res
1508 679 1688 760 materias
1708 695 1747 761 et
1773 702 1843 763 nc·

429 813 433 820 '
445 800 554 909 gotia
571 801 807 910 praedistam
827 804 1014 915 Regalem
1035 807 1266 890 Societatem
1286 809 1488 920 tangentia
1511 813 1574 893 vel
1602 840 1842 896 concernen-

443 937 511 1030 tia,
540 937 675 1047 quales
694 937 896 1048 praedictis
911 942 1185 1052 Typograpbo
1204 945 1267 1024 vel
1283 943 1520 1055 Imprelsori,
1537 947 1849 1057 Chalcograplro
1891 1042 1896 1047 ,

440 1070 505 1149 vel
525 1069 737 1181 Sculptoti,
764 1076 826 1155 vel
847 1075 1133 1189 Typographis
1162 1078 1222 1159 vel
1258 1076 1566 1188 Imprelsoribus,
1594 1077 1851 1190 chalcogra-

435 1201 532 1313 phis
552 1206 615 1286 vel
635 1207 920 1314 sculptoribus,
949 1211 997 1287 de
1016 1228 1194 1316 tempore
1212 1211 1254 1288 in
1281 1228 1437 1318 tempus
1466 1242 1534 1321 per
1552 1213 1766 1296 Praesidem
1801 1232 1845 1295 et

442 1337 672 1418 Concilium
690 1339 905 1443 praedislae
925 1339 1083 1447 Regalis
1104 1341 1321 1438 Societatis,
1352 1345 1416 1421 vel
1434 1345 1587 1455 aliquos
1613 1349 1756 1455 septem
1777 1348 1843 1431 vel

395 1467 398 1473 ’
439 1472 573 1579 piures
605 1494 744 1552 eornm
763 1471 955 1581 (quorum
990 1452 1205 1555 Praesidem
1236 1502 1307 1581 pro
1337 1492 1514 1582 tempore
1543 1478 1744 1573 existente,
1776 1480 1842 1560 vel

436 1605 520 1716 ejus
535 1606 797 1711 Deputatum,
826 1634 957 1688 unum
976 1607 1050 1690 elle
1070 1607 1275 1723 volumus)
1298 1607 1361 1690 vel
1390 1635 1458 1717 per
1476 1608 1666 1715 majorem
1685 1630 1842 1716 partem

299 1840 304 1848 ¹
436 1738 726 1845 praediclotum
740 1741 885 1850 septem
904 1746 968 1823 vel
986 1743 1161 1853 plurium
1175 1741 1376 1823 commissa
1391 1743 1401 1775 ¹
1419 1740 1588 1836 suerint3
1617 1739 1842 1824 sacramen-

343 1869 348 1879 “
437 1871 488 1951 tis
507 1872 585 1954 suis
604 1875 883 1980 corporalibus,
913 1896 1125 1985 antequam
1146 1878 1193 1956 ad
1213 1876 1344 1956 officia
1376 1877 1443 1956 sua
1460 1876 1674 1957 exercenda
1694 1874 1840 1958 admit·

435 2023 584 2103 tantur,
599 2034 732 2090 coram
752 2007 924 2089 Praeside
934 2029 974 2090 et
987 2008 1172 2090 Concilio
1185 2036 1256 2118 pro
1267 2026 1444 2115 tempore
1463 2007 1664 2106 existente,
1686 2012 1748 2089 uel
1762 2009 1839 2091 ali·'

437 2141 583 2250 quibus
598 2142 746 2251 septem
765 2144 827 2223 vel
847 2142 1022 2251 pluribus
1036 2169 1190 2240 eorum,
1204 2141 1311 2250 prius
1322 2141 1575 2252 praestandis3
1591 2142 1654 2223 cui
1674 2142 1841 2254 quidem

441 2274 606 2356 Praesrdi
625 2292 665 2356 et
684 2275 882 2374 Concilio,
911 2275 976 2355 vel
994 2275 1191 2387 aliquibus
1222 2274 1371 2382 septem
1400 2276 1463 2354 vel
1498 2272 1673 2380 pluribus
1696 2300 1846 2359 eorum>

440 2437 513 2516 pro
528 2392 705 2519 tempore
724 2408 923 2505 existente,
937 2408 1176 2491 sacramenta
1196 2407 1388 2517 praedicta
1399 2405 1664 2488 administrare
1678 2408 1845 2514 plenam:

438 2543 670 2647 potestatem
690 2563 729 2622 et
744 2543 1026 2624 authoritatem
1047 2534 1225 2624 dedimus
1243 2566 1283 2622 et
1301 2541 1557 2624 concessimus
1576 2570 1645 2649 per
1662 2543 1836 2652 praedic-

439 2691 498 2752 tas
518 2671 667 2753 Literas
688 2673 835 2754 nostras
850 2692 1054 2782 patentem
1084 2693 1201 2782 prout
1227 2674 1267 2753 in
1283 2673 1427 2753 eisdem
1443 2669 1592 2755 Literis
1611 2678 1748 2759 nostris
1766 2696 1846 2788 pa·-

438 2806 657 2906 tentibus²,
686 2807 875 2888 relatIone
891 2806 983 2888 inde
1002 2807 1149 2905 habita,
1180 2805 1335 2914 plenius
1354 2805 1479 2919 liquet
1497 2828 1539 2890 et
1558 2829 1729 2920 apparet.

216 3065 407 3124 mem„
493 3019 584 3102 Nos
602 3018 652 3101 de
668 2967 942 3100 abundantiori
961 3016 1086 3128 gratia
1105 3017 1242 3100 nostra
1251 3014 1410 3127 speciali
1426 3044 1476 3100 ac
1488 3044 1536 3101 ex
1550 3036 1654 3103 certa
1675 3014 1847 3104 scientia.

213 3136 365 3264 3333333
357 3138 429 3261 ‘13¹2‘
439 3171 481 3237 et
492 3182 602 3240 meto
628 3175 742 3240 motu
773 3153 929 3255 nostris,
960 3179 1158 3236 Dentatus
1195 3172 1241 3234 et
1268 3151 1537 3247 concessimus,
1569 3179 1612 3230 ac
1632 3179 1700 3258 per
1723 3181 1846 3260 prae·-

215 3292 289 3401 333
295 3277 428 3413 331130ιὶ
438 3292 564 3374 sentes
575 3318 647 3399 pro
660 3289 775 3374 nobis
795 3288 1002 3370 heredibus
1019 3307 1063 3369 et.
1077 3280 1508 3370 successoribusnostris
1527 3280 1665 3363 damus
1682 3300 1721 3363 et
1736 3312 1844 3370 con·-

215 3415 318 3563 333333
317 3416 391 3541 333
437 3427 627 3526 cedimus,
657 3423 837 3536 praefatis
852 3421 1027 3504 Praesidi
1036 3419 1234 3503 Concilio
1239 3439 1278 3500 et
1297 3416 1501 3500 Sodalibus
1516 3413 1739 3524 praedictae
1751 3420 1848 3497 Re

215 3569 402 3682 wolffg,
352 3564 535 3695 ¹¹⁰²galis
554 3561 772 3660 Societatis,
802 3579 843 3641 et
875 3552 1146 3641 successoribus
1178 3551 1297 3634 suis
1288 3568 1614 3661 inperpetuum,
1646 3549 1753 3660 quod
1785 3549 1848 3634 de

148 3707 158 3721 '
436 3693 588 3781 caetero
603 3699 644 3780 in
665 3717 916 3807 perpetuum,
945 3693 984 3773 st
997 3691 1215 3800 contigerit.
1238 3680 1455 3773 Praesident
1474 3683 1845 3794 ejusdemslegalis

438 3831 643 3931 Societatis
659 3859 727 3934 pro
746 3851 924 3936 tempore
943 3826 1128 3908 existente
1153 3822 1395 3945 aegritudine
1410 3821 1471 3902 vel
1481 3819 1714 3902 infirmitate
1735 3810 1843 3902 deti·-

435 3961 536 4059 neri,
566 3961 630 4039 uel
656 3959 698 4038 in
713 3958 867 4038 servitio
883 3957 1020 4061 nostro.
1035 3955 1307 4067 heredumvel
1324 3940 1582 4034 successorum
1608 3950 1843 4036 nostrorum

436 4093 589 4192 uersari,
619 4092 683 4172 uel
702 4090 813 4172 aliter
832 4085 906 4168 etse
925 4092 1177 4192 occupatum,
1207 4083 1262 4162 ita
1292 4082 1413 4191 quod,
1429 4076 1657 4194 necessariis·
1665 4084 1844 4197 negotiis.

421 4223 782 4343 ‚ejusdemRRegalis
801 4218 1005 4307 Societatis
1023 4214 1202 4331 officium
1221 4212 1404 4302 Praesidis
1434 4219 1684 4326 tangentibus
1704 4241 1843 4302 atteo·-
1878 4242 1882 4247 ⁴

419 4339 533 4483 dere.
560 4392 649 4447 non.
678 4357 820 4471 poterit
834 4395 861 4453 ς,
878 4352 993 4466 quod'
1016 4370 1117 4435 tuuc.
1140 4369 1180 4432 ct
1209 4349 1340 4434 toties·
1355 4351 1452 4431 bene
1474 4345 1588 4434 liceat
1621 4373 1673 4435 et,
1694 4353 1843 4440 licebit·

434 4501 565 4586 cidem
584 4496 747 4583 Praesidi
762 4495 811 4573 sic
830 4493 988 4571 detento
1005 4487 1150 4571 versato
1166 4488 1228 4572 vel
1241 4504 1432 4593 occupato
1446 4483 1844 4572 unumchoncilio,

735 4651 738 4657 '
791 4636 910 4728 flictu
925 4632 1077 4710 nudent,
1218 4642 1294 4719 ἓν.
1313 4653 1386 4717 am,
1406 4656 1532 4720 p·.35·.·

1581 4763 1591 4780 ·
1611 4716 1863 4831 praedictae-
