3832 5444
516 385 904 507 canusa
977 422 1350 518 ssau1a

247 570 356 671 stros,
368 571 693 689 tamiuomnibus
711 574 828 658 curiis
842 575 1128 688 nostris,quam
1144 578 1239 662 alibi
1254 580 1536 693 infraregnum
1545 574 1649 665 nol*-

247 725 355 789 trum
373 709 562 820 Angliae,
587 709 727 820 absque
747 709 944 820 aliquibus
972 711 1341 797 confirmationibus
1374 714 1545 799 licentiis
1575 714 1654 800 vel:

246 828 543 926 tolerationibus
563 844 610 925 de
628 842 741 927 nobis
767 843 972 928 heredibus
991 847 1053 930 vel
1071 846 1345 932 succefforibus
1364 834 1505 934 nostris
1534 879 1646 964 quo·

109 1035 112 1040 ,
247 979 468 1091 quomodo
488 978 530 1061 in
548 980 744 1088 posterum
762 980 1015 1089 procurandis
1026 1001 1093 1065 aut
1111 983 1357 1082 obtinendis3
1420 1033 1424 1038 ·

164 1214 172 1224 ·
298 1187 408 1272 Non
424 1213 665 1273 ossannra
686 1187 787 1269 male
800 1187 1043 1270 nominando
1062 1192 1125 1270 vel
1141 1192 1244 1271 male
1264 1191 1462 1274 recitando
1477 1207 1544 1273 aut
1560 1217 1650 1278 nott
1673 1179 1676 1185 ’

247 1322 452 1402 recitando
473 1322 667 1427 praeditis
695 1339 815 1403 terras
839 1340 1064 1402 tenementa
1097 1341 1136 1403 et
1155 1342 1306 1405 caetera
1331 1319 1546 1434 praemiffa,
1578 1324 1648 1409 vel
1682 1394 1688 1401 .

145 1523 147 1526 .
177 1486 179 1491 ⁴
247 1451 421 1563 aliquam
440 1454 530 1536 inde
551 1455 788 1562 parcellam3
817 1455 872 1537 Et
891 1483 973 1542 non
992 1456 1168 1538 obstante
1185 1484 1264 1538 non
1294 1457 1531 1538 inveniendo
1549 1456 1648 1552 offi-

248 1585 358 1667 cium
390 1609 458 1669 aut
488 1589 777 1703 inquifitionem
796 1588 1105 1699 praemifforum‚
1136 1609 1203 1673 aut
1235 1588 1398 1700 alicujus
1429 1588 1518 1667 inde
1550 1614 1645 1694 par·

249 1721 383 1816 cellae,
401 1751 470 1831 per
488 1752 588 1835 quac
601 1723 739 1805 titulus
755 1724 881 1806 noster
894 1725 1064 1808 inveniri
1083 1727 1231 1823 debuit,
1249 1744 1338 1807 ante
1351 1721 1647 1805 confedtionem

247 1855 391 1936 harum
407 1857 637 1939 Literarum
652 1859 873 1940 nostrarum
891 1856 1113 1967 patentium
1129 1891 1142 1952 3
1171 1863 1224 1939 Et
1244 1887 1325 1941 non
1344 1856 1519 1940 obstante
1538 1853 1648 1934 male

107 2027 113 2035 -
248 1989 451 2073 recitando
463 1992 527 2072 vel
543 2020 624 2106 non
641 1991 839 2076 recitando
858 1993 1031 2103 aliquam
1057 1990 1319 2074 dimiffionem
1344 1991 1405 2071 vel
1436 1986 1649 2071 conceffio-

125 2201 131 2209 „
247 2151 344 2207 nem
364 2127 411 2207 de
427 2127 634 2236 praemillrs
653 2128 716 2208 vel
735 2127 783 2208 de
803 2126 931 2237 aliqua
945 2126 1036 2207 iirde
1050 2127 1219 2236 parcella
1232 2126 1391 2223 factam,
1412 2122 1651 2205 existentem

251 2259 300 2340 de
318 2264 479 2344 recordo
499 2263 563 2343 vel
583 2290 664 2344 non
684 2263 732 2342 de
766 2262 953 2357 recordo;
984 2261 1039 2342 Et
1068 2289 1150 2342 non
1178 2259 1355 2340 obstante
1390 2257 1493 2339 male
1513 2255 1651 2337 nomi·-

149 2418 152 2424 ’
249 2396 381 2477 nando
395 2398 456 2476 vel
476 2426 557 2478 non
572 2397 816 2481 nominando
831 2387 1006 2507 aliquam
1025 2395 1162 2477 villam
1188 2395 1404 2476 hamletam
1419 2388 1651 2499 parochiam

250 2529 388 2607 locum
413 2532 471 2606 vel
493 2529 742 2625 comitatum,
775 2533 815 2608 in
831 2530 975 2638 quibus
989 2529 1191 2634 praemilla
1217 2528 1280 2605 vel
1300 2525 1430 2634 aliqua
1449 2523 1538 2602 inde
1558 2551 1652 2629 par-

120 2743 121 2746 Ν
163 2661 167 2667 ’
228 2749 229 2752 Ν
252 2659 352 2738 cella
366 2655 536 2736 existunt
550 2658 611 2736 vel
626 2658 777 2753 existit3
806 2661 860 2738 Et
879 2686 957 2738 non
978 2660 1167 2753 obstante,
1191 2659 1301 2767 quod
1317 2659 1363 2737 de
1379 2654 1490 2738 nobis
1509 2674 1651 2737 tenen-

251 2789 357 2871 tium
380 2788 645 2870 firma'riorum
664 2791 739 2869 slve
757 2809 1040 2900 occupatorum
1064 2790 1371 2899 mamillarum,
1402 2773 1463 2872 vel
1483 2789 1650 2899 alicujus

255 2924 346 3007 inde
366 2922 568 3033 pucellae,
594 2922 712 3032 plena
731 2950 820 3005 vera
835 2944 873 3006 et
899 2943 1003 3006 certa
1022 2954 1101 3008 tlon
1122 2927 1166 3008 fit
1187 2926 1337 3010 mentio
1354 2965 1366 3023 ς
1396 2927 1451 3008 Et
1470 2955 1553 3009 non
1572 2928 1648 3007 ob·

254 3059 379 3140 stante
400 3057 593 3168 aliquibus
618 3059 854 3141 defectibus·
875 3062 922 3140 de
937 3060 1172 3146 certitudine
1191 3063 1253 3143 vel
1267 3062 1561 3169 computatione
1578 3078 1652 3142 aut

256 3189 517 3276 declaratione
532 3192 613 3300 veri
635 3195 757 3275 annui
781 3195 923 3276 valoris
942 3195 1253 3304 praemissorum,
1282 3209 1351 3273 aut
1370 3191 1532 3297 alicujus
1555 3191 1653 3273 inde

256 3327 447 3439 parcellae
458 3363 470 3421 ;
497 3347 569 3409 aut
586 3327 959 3409 asarsualisrcdditus
980 3328 1155 3407 reservati
1171 3326 1218 3405 de
1243 3345 1283 3407 et
1302 3324 1413 3433 super
1425 3320 1653 3431 praemiffis,

216 3507 217 3510 κ
257 3462 322 3544 vel
336 3463 385 3544 de
399 3480 439 3543 et
451 3459 562 3573 super
577 3459 704 3576 aliqua
724 3462 814 3544 inde
833 3463 1015 3571 parcella,
1046 3460 1089 3541 in
1109 3459 1170 3540 his
1185 3459 1332 3541 Liteais
1351 3457 1490 3540 nostris
1510 3473 1652 3564 paten-

259 3592 364 3679 tibus
384 3597 560 3706 expreffis
578 3618 617 3680 et
637 3598 858 3694 coutentis3
889 3599 942 3678 Et
966 3622 1048 3678 non
1068 3593 1241 3677 obstante
1267 3593 1410 3675 statuto
1434 3592 1476 3672 in
1501 3576 1652 3673 Parlia·

258 3749 395 3812 mento
408 3732 576 3814 Domini
594 3734 764 3815 Hernici
786 3761 910 3842 nuper
928 3732 1050 3840 Regis
1068 3730 1238 3840 Angliae
1263 3730 1358 3812 sexti
1390 3723 1653 3835 progenitoris

222 3944 229 3953 ,
257 3861 395 3952 nostri,
415 3889 529 3976 ⁸anno
548 3867 659 3968 regni
677 3864 735 3943 sui
754 3867 909 3944 decimo
929 3867 1086 3954 ottavo,
1115 3866 1220 3943 fatto
1245 3884 1285 3941 et
1304 3863 1408 3941 edito
1419 3895 1433 3953 3
1464 3858 1533 3940 ET
1569 3884 1651 3941 non

257 3992 438 4083 obstante
458 3991 655 4101 aliquibus
671 3993 756 4074 aliis
775 3993 935 4071 defectis
952 3997 981 4087 ²,
1012 3992 1054 4069 in
1080 4013 1161 4072 non
1181 4012 1283 4073 certe
1311 3990 1555 4074 nominando
1581 4021 1652 4073 na-

256 4149 391 4210 turam
411 4153 536 4236 genus
555 4124 701 4234 specei³
721 4124 984 4237 quantitatem
1004 4142 1072 4206 aut
1089 4124 1319 4235 qualitatem
1338 4126 1649 4235 praemillorum,

258 4283 329 4351 aut
349 4262 513 4373 alicujus
530 4260 622 4344 inde
641 4258 853 4369 parcellae3
886 4262 952 4342 Er
981 4285 1063 4342 non
1093 4260 1268 4343 obstante
1280 4249 1434 4345 ⁴statuto
1465 4264 1512 4343 de
1538 4259 1653 4342 terris

259 4421 302 4490 et
320 4399 556 4486 tenementis
581 4395 630 4483 ad
658 4421 825 4478 manum
856 4414 1055 4480 mortuam
1085 4423 1165 4482 non
1194 4399 1401 4508 ponendis,
1426 4415 1497 4479 aut
1519 4393 1654 4505 aliquo

488 4555 777 4637 ,testandum
934 4553 1092 4619 maun.
1259 4553 1416 4617 suasura
1533 4596 1629 4711 ,ali

1096 4685 1099 4688 -
1630 4655 1656 4713 o
