3832 5444
518 269 897 381 CHARTA
971 269 1341 365 TERTlA.

240 452 281 521 et
298 435 448 547 lingula
467 435 668 543 praemissa
700 424 874 544 superius
898 446 965 545 pet
996 439 1211 543 praesentes
1231 433 1509 544 praenoscebat,
1536 450 1642 519 cum*

239 552 379 655 eoruin
394 571 643 684 pertinentiis
661 559 859 669 universas,
891 574 1064 677 praefato
1077 569 1239 650 Praesrdi
1257 571 1441 652 Concilio
1460 594 1498 652 et
1510 571 1632 687 Sada»

216 707 346 788 xlibus
385 702 543 814 Regalis
569 703 773 786 societatis
793 705 973 786 Londini
1002 703 1259 812 prescientia
1287 704 1454 784 naturali
1473 732 1632 812 promus

240 841 381 936 strada,
411 857 449 919 et
468 835 742 919 successoribus
763 837 838 918 suis
858 839 898 918 in
920 857 1182 949 perpetuum
1209 838 1426 919 tenendum
1453 839 1500 918 de
1520 841 1633 920 nobis

240 972 450 1054 heredibus
468 991 506 1053 et
526 969 798 1052 successoribus
819 971 976 1067 nebris,
1008 989 1051 1053 ut
1071 972 1118 1051 de
1140 972 1315 1054 manerio
1335 972 1465 1054 nostro
1485 973 1531 1052 de
1544 973 1635 1076 east

241 1098 461 1188 Greenwich
480 1106 521 1187 in
542 1089 732 1185 comitatu
753 1103 886 1185 nostro
913 1103 1093 1198 Cantiae,
1122 1131 1189 1210 per
1207 1104 1435 1188 fidelitatem
1463 1125 1634 1202 tanturn,

237 1237 284 1321 in
304 1240 427 1320 libero
447 1256 486 1319 et
501 1264 707 1321 commum
697 1237 919 1343 soccagio,
949 1254 988 1315 et
1005 1262 1085 1314 non
1106 1235 1305 1342 incapite,
1338 1264 1410 1318 nec
1427 1266 1496 1346 per
1514 1239 1633 1319 servi

179 1371 346 1482 tium
365 1373 557 1467 militare;
586 1394 628 1452 ac
642 1369 882 1450 reddendum
903 1368 1109 1448 annuatim
1129 1371 1243 1450 nobis
1263 1368 1468 1451 heredibus
1491 1393 1528 1451 et
1550 1375 1635 1452 suc.
1647 1387 1730 1445 Rent

243 1477 450 1586 sefforibus
467 1504 608 1586 nostris
623 1503 672 1582 de
697 1523 736 1583 et
764 1530 835 1609 pso
850 1501 1040 1610 praediea
1060 1520 1161 1582 terra
1187 1503 1323 1584 arabili
1343 1524 1481 1584 vocata
1502 1494 1637 1584 Taam-

226 1636 328 1744 fhatt
345 1638 491 1747 viginti
507 1658 584 1719 tres
603 1636 747 1718 solidos
767 1655 805 1716 ct
819 1654 988 1744 quatuor
1017 1635 1212 1732 denarios,
1239 1662 1283 1716 ac
1304 1639 1409 1717 dcet
1429 1666 1511 1744 pro
1527 1641 1638 1746 prae·
1710 1718 1724 1724 ,

240 1768 349 1852 eino
367 1772 497 1852 clauso
524 1772 626 1884 prati
646 1789 786 1853 vocato
819 1769 927 1880 Stony
960 1768 1100 1877 Bridge
1118 1770 1215 1880 Cl'ose
1239 1770 1385 1880 uiginti
1412 1771 1576 1868 solidos,
1598 1799 1642 1852 ac

243 1898 292 1983 de
311 1922 350 1984 et
369 1932 447 2012 pro·
459 1905 650 2011 praediea
668 1904 788 2012 pecia
802 1911 924 1983 terrae
948 1902 1101 1985 arabilis
1121 1904 1162 1983 in
1184 1903 1392 1986 communi
1410 1930 1552 2011 campo
1571 1931 1641 1987 vo-

243 2056 330 2120 cato
345 2039 448 2146 East
455 2038 565 2120 Fiald
572 2057 740 2148 quatuor
759 2035 901 2119 solidos
919 2038 1064 2147 legalis
1078 2057 1263 2119 monetae
1278 2041 1462 2146 Angliae,
1480 2038 1533 2118 ad
1547 2036 1641 2118 felia

243 2170 373 2252 Sancti
402 2172 610 2252 Michaelis
638 2171 882 2277 Archangeli
915 2188 953 2250 et
973 2171 1314 2253 Annunciationis
1338 2173 1470 2251 beatae
1487 2170 1642 2250 Mariae

243 2288 510 2408 Virginis,ad
532 2319 731 2413 receptam
748 2302 932 2379 Scacearii
948 2301 1077 2380 nostri
1092 2301 1440 2380 Westmonasterii
1452 2302 1648 2380 heredum

246 2450 287 2514 et
312 2427 569 2511 successorum
601 2427 838 2524 nostrorum,
870 2430 938 2508 seu
972 2408 1020 2508 ad
1040 2456 1180 2508 manus
1199 2429 1453 2525 Ballivorum‚
1483 2435 1545 2509 seu
1559 2431 1641 2510 Re

246 2581 456 2673 ceptorum
472 2554 770 2669 praemifibrum
802 2588 875 2666 pro
904 2579 1081 2670 tempore
1111 2561 1322 2643 existente¹
1325 2620 1346 2661 ,
1366 2591 1453 2671 per
1449 2564 1649 2672 aequales

243 2697 448 2807 portiones
466 2680 670 2777 annuatim
689 2692 889 2775 solvendas
909 2694 949 2774 in
967 2714 1218 2804 perpetuum»

301 2904 371 2988 Er
389 2928 636 2986 usu-sarus
633 2902 692 2982 de
710 2901 888 2984 uberiori
912 2903 1035 3012 gratia
1059 2901 1188 2984 narra
1218 2900 1379 3012 speciali
1402 2930 1518 2986 aces
1535 2923 1848 2990 certaExonerations

247 3038 410 3122 sesenna
421 3057 461 3120 et
479 3064 596 3117 mero
608 3055 719 3119 motu
746 3036 896 3145 nostris
920 3039 1122 3135 uolumus,
1147 3063 1196 3118 ac
1228 3062 1299 3144 per
1320 3038 1533 3144 prae-sentes
1566 2994 1848 3148 progenerasse,

248 3171 360 3256 nobis
389 3169 595 3253 heredibus
628 3184 672 3250 et
702 3138 980 3249 fuccefforibus
1013 3167 1152 3250 nost-ris
1179 3172 1435 3252 antecedimus
1467 3173 1640 3278 praefato

247 3294 413 3391 Praesrdi
433 3304 617 3387 Concilio
643 3320 691 3382 et
711 3303 916 3384 Sodalibus
948 3302 1107 3413 Regalis
1133 3303 1335 3386 Societatis
1367 3304 1580 3412 praedidiae
1599 3323 1639 3387 et

244 3431 526 3522 luccelioribus
545 3437 635 3535 suis,
656 3438 762 3548 quod
781 3463 853 3518 nos
874 3437 1040 3519 heredes
1054 3456 1098 3518 et
1109 3435 1339 3520 successores
1357 3437 1475 3519 nostri
1490 3437 1552 3517 de
1552 3461 1640 3517 cae·

245 3577 335 3652 ‘tero
346 3571 640 3680 inperpetuum
656 3573 885 3668 annuatim,
906 3588 945 3650 et
973 3573 1024 3651 de
1045 3591 1222 3678 ternpore
1243 3572 1282 3650 in
1299 3590 1468 3674 tempus,
1496 3594 1639 3650 exone·

249 3702 424 3786 rabimus
438 3706 750 3812 acquietabimus
769 3723 809 3782 et
827 3705 1055 3811 indempnes
1071 3701 1396 3798 conservabimus,
1427 3718 1509 3780 tam
1528 3727 1637 3808 prae

250 3837 350 3920 fares
371 3834 586 3918 Praefidetn
620 3835 856 3918 Concilium
880 3853 925 3914 et·
950 3832 1102 3926 Sodales
1129 3833 1293 3943 Regalis
1308 3827 1505 3915 Societatis
1523 3861 1636 3944 prae-

250 3969 375 4052 dietae
407 3993 446 4054 et
476 3966 703 4075 successores
734 3971 832 4066 suos,
861 3997 987 4079 quam
1010 3968 1178 4077 pradiet'a
1205 3984 1335 4050 terras-
1355 3969 1579 4051 rennuente
1596 3989 1636 4050 et

188 4171 197 4177 .
250 4123 400 4203 caetera
417 4112 553 4190 omnia
572 4127 616 4190 et
624 4105 785 4214 srn'gula
789 4102 989 4212 praemissa
1001 4102 1174 4213 superius
1186 4103 1359 4231 exprella
1371 4121 1413 4184 et
1421 4102 1637 4210 specificata
1694 4144 1696 4148 J

248 4260 297 4327 a'c
324 4260 403 4352 per
424 4243 638 4352 praesentes
670 4238 955 4349 praeconceffa,
979 4251 1018 4317 et
1046 4237 1262 4348 quamlibet
1288 4237 1384 4320 inde
1409 4239 1637 4369 parcebam,

699 4397 961 4457 ‘tucianensem
976 4399 1091 4477 tepefiat
1105 4397 1187 4478 isaia

580 4491 614 4590 Ζ
1543 4494 1637 4550 cum
