3832 5444
511 484 890 608 cursus
964 514 1274 604 rmus.

206 687 278 751 nos
310 666 470 751 tandem
498 668 699 754 universus
734 671 936 755 literarum
953 670 1059 770 orbis
1078 700 1159 756 non
1182 671 1311 757 solum
1328 668 1417 754 fidei
1454 668 1591 753 defen·

205 805 346 898 sorem,
377 801 580 885 sedetiam
607 805 780 888 veritatis
810 804 1060 890 omnimodae
1088 825 1128 889 et
1160 807 1353 890 cultorem
1374 782 1517 917 ubiqrie
1551 823 1592 887 et

206 956 417 1044 patronum
432 934 582 1046 semper
597 917 789 1107 agnoscat.

253 1147 463 1242 Sciens,
490 1099 610 1255 quod
618 1176 687 1230 nos
707 1148 755 1232 de
784 1146 907 1258 gratia
927 1150 1052 1231 nostra
1083 1149 1237 1256 speciali
1255 1173 1301 1233 ac
1329 1176 1374 1233 ex
1396 1166 1499 1231 certa
1517 1148 1591 1229 sci·

113 1361 123 1375 ,
210 1277 315 1358 entia
342 1299 381 1390 et
408 1305 518 1358 mero
555 1297 668 1360 motu
703 1281 844 1363 nostris
888 1283 1157 1365 ordinavimus
1195 1283 1470 1366 constituimus
1500 1308 1594 1363 con·
1646 1275 1649 1279 ’

208 1382 387 1490 cellimus
399 1428 439 1490 et
457 1408 756 1511 declaravimus,
783 1441 828 1496 ac
849 1444 917 1528 per
935 1416 1149 1523 praesentes
1167 1417 1368 1523 pronubis
1388 1414 1598 1496 heredibus
1660 1519 1662 1524 .

210 1530 249 1622 et
269 1540 542 1625 succellbribus
572 1533 711 1627 nostris
729 1547 956 1630 ordinamus
972 1548 1260 1636 ‚constituimus
1283 1547 1535 1630 concedimus
1555 1563 1596 1624 et
1646 1563 1650 1567 “

207 1677 465 1772 declaramus,
506 1679 613 1788 quod
645 1679 692 1756 de
720 1698 873 1768 caetero
909 1681 1212 1789 inperpetuum
1240 1682 1313 1764 erit
1345 1680 1512 1762 Societas
1545 1680 1594 1759 de

0 1817 191 1960 gogug'rgff
182 1810 486 1892 Praefidente¹
508 1810 697 1906 Concilio
720 1831 759 1893 et
778 1813 983 1895 Sodalibus
1001 1815 1224 1912 consistens,
1259 1843 1358 1926 quae
1390 1814 1604 1897 vocabitur
1635 1820 1639 1827 ’

11 1973 80 2013 aue·
207 1963 247 2025 et
283 1943 577 2052 nuncupabitur
592 1943 746 2054 Regalis
765 1946 946 2033 Societas.
983 1949 1040 2031 Et
1066 1953 1231 2032 eandem
1247 1947 1496 2042 Societatem,
1528 1973 1596 2054 per

207 2102 355 2159 nomen
385 2077 572 2188 Praeſslu's
599 2077 752 2160 Consilii
776 2080 1014 2164 crudelium
1046 2081 1202 2193 Regalis
1226 2081 1435 2174 Societatis,
1466 2106 1596 2162 unum

206 2224 346 2318 cd’rpus
366 2230 617 2318 corporatum
646 2229 685 2290 et
710 2213 919 2318 politicum
939 2214 981 2296 in
1014 2243 1053 2296 re
1081 2217 1185 2298 fado
1204 2235 1243 2296 et
1261 2215 1423 2297 nomine
1442 2213 1597 2294 realiter
1654 2227 1658 2230 ’

90 2406 92 2412 s
201 2363 254 2425 et*
278 2345 324 2424 ad
359 2345 546 2457 plenum,
569 2371 641 2452 pro
661 2343 803 2452 uobis,
823 2345 1031 2430 heredibus
1053 2352 1103 2432 'et
1135 2342 1413 2432 successoribus
1442 2347 1600 2443 nostris,

84 2466 92 2511 ⁵·
133 2478 137 2483 ’
207 2477 374 2595 facimus
393 2479 620 2562 ordinamus
639 2507 817 2563 creamus
834 2498 873 2562 et
901 2480 1175 2562 constituimus
1208 2509 1275 2586 per
1292 2480 1524 2585 praesentes,
1555 2495 1595 2555 et

205 2613 312 2722 quod
345 2613 539 2720 peridem
568 2638 713 2695 nomeu
746 2613 916 2696 habeant
944 2611 1217 2696 succeffionem
1254 2627 1515 2718 perpetuam
1540 2608 1596 2685 Et

206 2745 312 2854 quod
328 2745 395 2854 ipsi
410 2765 450 2827 et
477 2773 616 2828 eorum
635 2745 860 2831 succellores
890 2750 1080 2860 (quorum
1100 2742 1225 2827 studia
1259 2739 1488 2852 applicanda
1506 2738 1617 2821 sunt.

207 2878 255 2959 ad
275 2906 406 2961 rerum
426 2881 669 2992 naturalium
700 2883 921 2993 artiumque
953 2879 1118 2966 utilium
1150 2877 1326 2960 scientias
1353 2876 1598 2984 experimen·
1632 2876 1634 2880 ’

206 3036 341 3095 torum
369 3014 445 3096 fide
470 3013 634 3096 ulterius
672 3016 976 3129 promovendas)
1002 3043 1071 3123 pet
1101 3013 1210 3095 idem
1231 3039 1387 3096 nomen
1417 3007 1600 3118 Praesrdr's

206 3148 362 3243 Coneil'
331 3179 359 3230 n
378 3168 413 3231 et
445 3149 629 3245 Sodalsism
661 3152 819 3263 Regalis
852 3149 1040 3233 societatis
1072 3147 1322 3259 praedidlae,
1332 3147 1406 3226 fint
1424 3162 1464 3223 et
1482 3161 1599 3227 erunt

12 3288 93 3362 uult
117 3306 151 3398 fe
210 3283 407 3393 perpetuis
426 3285 570 3367 futuris
587 3282 827 3394 temporibus
845 3285 1028 3393 perronae
1047 3284 1196 3363 habiles
1215 3299 1255 3361 et
1273 3280 1321 3359 in·
1336 3279 1421 3384 lege
1436 3299 1601 3384 capaces

202 3420 258 3500 ad
295 3418 520 3528 habendum
548 3419 865 3531 perquirendum
902 3413 1232 3526 percipiendum
1248 3431 1288 3493 et
1328 3408 1419 3518 poss
1424 3409 1598 3489 dendum

206 3573 328 3636 terras
355 3574 395 3636 et
434 3573 658 3636 tenemento
676 3581 788 3663 prata
816 3549 957 3663 pascua
986 3547 1157 3660 pasturas
1176 3547 1375 3627 libertates
1394 3541 1601 3652 privilegia
1692 3558 1697 3562 ’

209 3687 439 3768 franchefias
468 3688 765 3800 'jurisdidliones
801 3707 841 3772 et
889 3685 1199 3774 hereditameuta
1234 3703 1489 3791 quaecunque
1531 3677 1600 3757 fibi

33 3872 38 3879 -
100 3913 103 3918 ,
208 3840 247 3901 et
266 3818 539 3899 succell'oribu's
569 3818 706 3902 suisio
735 3821 852 3903 feudo
889 3843 928 3903 et
958 3819 1228 3928 perpetuitate,
1253 3816 1323 3895 vel
1340 3839 1410 3919 pro
1430 3807 1600 3891 termino

209 3950 313 4037 vitae
343 3953 514 4069 vitarum
535 3951 597 4030 vel
631 3976 841 4079 annorum,
870 3947 935 4030 seu
974 3954 1086 4032 aliter
1115 3970 1357 4056 quocunque·
1379 3935 1524 4039 modo,
1555 3967 1600 4024 ac

211 4087 331 4170 etiam
364 4088 463 4167 bona
482 4105 521 4166 et
540 4084 682 4166 catalla
713 4111 757 4165 ac
788 4107 929 4164 omnes
958 4083 1050 4164 alias
1071 4108 1129 4160 res
1149 4078 1414 4192 cujuscunque
1452 4075 1599 4158 luerint
1665 4062 1669 4070 ¹

9 4276 174 4337 „mmm
212 4221 363 4333 generis
393 4239 554 4301 naturae
592 4217 715 4326 specie
744 4215 962 4327 qualitatis,
999 4214 1172 4296 Necnon
1201 4213 1248 4292 ad
1266 4211 1439 4291 dandum
1454 4235 1596 4290 conce

212 4357 385 4439 dendum
400 4352 682 4435 dimittendum
696 4370 736 4433 et
756 4351 1028 4461 affignandum
1041 4335 1178 4432 eadem
1191 4368 1309 4429 terras
1324 4357 1599 4427 tenementaet
1674 4371 1677 4379 ·

216 4491 525 4576 hereditamcnta
543 4462 646 4571 bona
667 4505 706 4570 et
726 4485 878 4586 catalla,
909 4505 954 4588 et
965 4485 1102 4567 omnia
1121 4472 1222 4568 fadla
1238 4501 1277 4562 et
1297 4507 1355 4560 res
1375 4460 1600 4624 necessarias
1701 4501 1713 4576 '.

759 4644 1053 4714 strenuum.
1127 4628 1138 4743 1
1208 4699 1212 4702 .
1602 4599 1626 4626 ”

1372 4687 1600 4831 faciendum
1718 4717 1721 4722 '
