3832 5444
535 320 911 412 curura
997 266 1365 442 ream.

158 453 161 460 Ι
262 508 348 564 non
366 481 414 561 de
434 481 594 562 recordo
605 517 619 574 ς
650 481 817 562 Necnon
837 479 971 562 omnia
989 496 1028 560 et
1047 479 1197 588 singula
1216 477 1386 559 redditus
1405 495 1445 558 et
1467 474 1650 558 annualia

236 613 436 724 'proficua
465 640 721 723 quaecunque
751 613 935 695 reservata
965 612 1076 721 super
1107 610 1404 722 quibuscunque
1423 607 1649 692 dimissioni·

196 821 203 831 .
259 732 337 829 *bus
354 749 415 827 vel
433 747 734 828 conceffionibus
752 749 799 829 de
818 767 857 826 et
878 748 999 854 super.
1006 744 1206 854 praemissa
1227 772 1297 852 per
1311 744 1523 849 praesentes
1539 768 1648 851 prae·

235 834 450 977 *damella
480 881 544 958 vel
563 879 610 959 de
639 897 677 960 et
697 879 809 987 super
827 868 997 990 aliquam
1019 879 1109 959 inde
1128 877 1350 986 parcellam,

198 1152 201 1159 -
320 1101 536 1180 Dsnrravs
568 1097 690 1179 etiam
704 1115 744 1177 et
766 1098 1033 1194 concessimus,
1063 1125 1106 1178 ac
1126 1123 1193 1204 per
1214 1095 1425 1203 praesentes
1454 1119 1525 1200 pro
1546 1093 1659 1176 nobis

264 1231 476 1313 'heredibus
501 1249 540 1310 et
560 1228 831 1311 successoribus
853 1231 991 1311 nostris
1021 1231 1159 1310 damus
1180 1247 1220 1307 et
1250 1221 1513 1321 concedimus,
1542 1252 1656 1334 prae-

268 1365 358 1447 satis
391 1364 556 1445 Praesrdi
585 1363 768 1457 Concilio
794 1383 832 1444 et
853 1349 1061 1444 Sodalibus
1086 1360 1241 1471 Regalis
1260 1359 1461 1441 Societatis
1480 1357 1659 1440 Londini

269 1525 340 1604 pro
377 1498 537 1577 scientia
580 1497 748 1578 naturali
789 1497 1074 1604 promovenda,
1113 1513 1168 1576 et·
1191 1493 1465 1575 successoribus
1509 1489 1585 1571 suis
1615 1490 1660 1570 in

268 1649 516 1738 perpetuum,
546 1631 652 1739 quod
678 1630 746 1738 ipsi
766 1649 805 1711 et
824 1658 960 1713 eorum
978 1629 1202 1712 successores
1228 1629 1275 1707 de
1295 1646 1447 1708 caetero
1465 1627 1506 1704 in
1525 1608 1660 1734 perpe·

267 1780 385 1844 tuum
416 1765 586 1845 habeant
619 1782 779 1845 teneant
809 1782 849 1846 ct
878 1752 1093 1874 gaudeant,
1121 1790 1173 1842 ac
1195 1764 1336 1842 habere
1359 1781 1487 1841 tenere
1506 1779 1545 1839 et
1564 1785 1660 1873 gau·

239 1890 240 1893 ‘
269 1894 358 1974 dere
377 1896 532 1978 valeant
560 1917 599 1977 et
632 1897 786 2006 poffint,
801 1899 919 1979 'infra
951 1894 1151 2008 praemissa
1171 1894 1341 2002 superius
1360 1923 1427 2004 per
1446 1893 1660 2002 praesentes

267 2028 548 2135 praeconceffa,
580 2059 624 2112 ac
644 2032 745 2114 insra
764 2032 981 2142 quamlibet
996 2032 1087 2112 inde
1110 2030 1335 2138 parcellam,
1365 2049 1424 2108 tot
1444 2044 1550 2107 tanta
1569 2026 1663 2106 talia

256 2161 407 2259 ,eadem
444 2163 669 2274 hujusmodi
704 2162 744 2244 et
777 2166 994 2249 consimilia
1023 2167 1113 2274 jura
1144 2161 1436 2269 jurisdidiones'
1465 2154 1662 2247 libertates

271 2295 505 2375 franchefias
534 2295 832 2376 consuetudines
862 2296 1063 2402 privilegia
1084 2293 1257 2398 proficua
1277 2291 1576 2372 commoditates
1595 2292 1663 2369 ad-

272 2424 457 2531 vantagia
509 2427 782 2505 emolumenta
829 2444 867 2503 et
905 2424 1216 2503 he'reditamenta
1251 2410 1521 2532 quaecunque,
1569 2441 1666 2529 quot

274 2546 582 2663 quanta'qualia
613 2576 652 2635 et
687 2585 799 2665 quae,
830 2585 874 2636 ac
904 2556 998 2636 adeo
1030 2556 1145 2662 plene
1164 2555 1282 2635 libere
1302 2576 1341 2635 et
1359 2555 1521 2663 integre,
1550 2582 1593 2634 ac
1622 2553 1664 2634 in

272 2706 356 2766 tam
393 2686 535 2794 amplis
566 2690 687 2769 modo
720 2709 760 2769 et
780 2690 921 2785 sor-ma,
949 2706 1067 2795 prout
1086 2687 1301 2795 praeditius
1328 2688 1520 2768 Iohannes
1540 2716 1663 2795 nuper

271 2817 368 2899 Dux
401 2805 728 2920 Northumbriae,
759 2842 827 2905 aut
850 2800 1067 2930 praedidius
1085 2821 1329 2931 Praepofitus
1348 2841 1389 2901 et
1407 2822 1511 2903 Socii
1530 2819 1663 2904 Colle·

272 2950 330 3058 gii
348 2950 466 3061 Regis
496 2955 626 3036 Iacobi
647 2957 688 3035 in
708 2957 849 3070 Chelsey
867 2983 986 3064 prope
1006 2953 1156 3036 London
1175 2981 1224 3035 ex
1244 2955 1473 3037 fundatione
1493 2955 1664 3065 ejusdem

270 3085 403 3166 Iacobi
435 3087 556 3198 Regis
576 3089 762 3197 Angliae,
790 3107 857 3168 aut
877 3088 1017 3199 aliquis
1051 3088 1149 3167 alius
1180 3088 1255 3167 five
1289 3089 1410 3197 aliqui
1443 3088 1519 3186 alii,
1553 3117 1661 3199 prae·

273 3217 378 3300 dicta
394 3238 513 3298 terras
528 3237 752 3303 tenementa
766 3241 803 3303 et
818 3242 965 3306 caetera
984 3219 1185 3329 praemissa
1199 3248 1296 3300 cum
1311 3221 1386 3302 suis
1400 3223 1662 3329 pertinentiis,

220 3450 225 3459 .
272 3370 341 3432 aut
374 3352 549 3463 aliquam
581 3355 672 3435 inde
691 3357 915 3464 parcellam,
945 3384 1132 3467 unquam-
1152 3355 1315 3436 antehac
1336 3354 1523 3438 habentes
1552 3357 1664 3462 possi·
1728 3387 1730 3390 ·

203 3496 212 3508 '
255 3485 408 3570 ‚dentes
442 3507 510 3568 aut
543 3488 654 3570 seisrti
689 3489 780 3570 inde
799 3489 1017 3587 existentes,
1048 3480 1197 3571 habens
1216 3488 1407 3596 poffidens
1427 3507 1495 3570 aut
1521 3487 1665 3569 seisrtus

272 3618 365 3698 inde
384 3619 564 3718 existens,
595 3651 773 3734 unquam
792 3626 1016 3713 habuerunt
1049 3639 1259 3701 tenuerunt
1276 3618 1333 3698 usr
1359 3620 1418 3699 vel
1445 3618 1561 3730 gavisi
1581 3621 1666 3701 fue·

258 3766 380 3862 runt,
410 3750 550 3832 habuit
569 3757 696 3833 tenuit
723 3757 814 3834 usus
832 3757 893 3832 vel
916 3752 1066 3860 gavisus
1087 3751 1179 3847 fuit,
1207 3750 1271 3830 seu
1291 3751 1432 3833 habere
1451 3773 1581 3835 tenere
1604 3755 1666 3838 uti

272 3883 336 3960 vel
357 3883 526 3992 gaudere
560 3884 775 4003 debuerunt
809 3904 875 3966 aut
908 3882 1053 3982 debuit,
1082 3883 1123 3964 in
1150 3884 1362 3993 praemissis
1392 3888 1562 3997 superius
1595 3919 1664 3998 per

273 4017 487 4121 praesentes
515 4020 803 4127 praeconcessae,
836 4038 903 4102 aut
939 4019 1069 4128 aliqua
1099 4018 1194 4099 inde·
1222 4021 1404 4128 parcella,
1435 4023 1582 4106 ratione
1600 4027 1663 4105 vel

273 4166 473 4254 praetextu
504 4153 666 4264 alicujus
699 4157 854 4236 chartae
887 4152 980 4236 doni
1000 4153 1250 4237 conceffionis
1269 4156 1331 4235 vel
1350 4156 1660 4240 confirmationis

257 4382 262 4389 .
272 4308 342 4392 per
364 4309 435 4362 nos
454 4285 518 4363 seu
547 4286 720 4396 aliquem
740 4289 1034 4396 progenitorum
1054 4290 1117 4369 vel
1136 4286 1418 4371 antecessorum
1438 4294 1658 4373 nostrorum

273 4440 396 4524 nuper
415 4416 573 4525 Regum
592 4423 655 4501 vel
675 4421 919 4540 Reginarum
939 4422 1108 4530 Angliae
1130 4425 1295 4507 antehac
1328 4424 1558 4508 habitorum
1578 4425 1658 4533 fae·

696 4541 727 4583 ⁸
892 4580 972 4662 gz
1523 4576 1657 4639 torum
