3832 5444
540 423 1855 570 sdaa:ara.rasrra.17

237 630 278 693 et
310 633 498 722 perquam
529 612 684 693 fidelem
723 610 1058 723 consanguineum
1093 631 1155 692 et
1165 607 1425 694 consrliarium
1451 599 1852 761 androdragma&

238 746 482 827 Edwardum
509 745 714 832 Comitem
751 742 965 829 Clarcrr'don
984 742 1278 844 cancellarium
1310 741 1489 825 nostrum
1521 737 1856 882 regniorcaateosry

233 873 360 959 nostri
382 879 602 990 Anglia'm'
595 906 662 987 per
681 877 896 998 seipsum
858 878 1031 967 durante
1052 881 1131 960 vita
1143 879 1231 975 sua,
1261 898 1302 958 et
1311 827 1854 1031 postejusmor-ee-Kiror,0:1⁸&chm

238 1031 322 1091 tem
356 1033 451 1094 tunc
481 1004 853 1121 Archibpiscopum
860 1011 1210 1111 cantuariensem,
1239 1006 1538 1090 cancellarium
1569 984 1817 1091 missilibus
1857 1002 1863 1010 ’

239 1145 454 1228 Custodem
445 1174 609 1265 magur
596 1144 757 1255 Sigilli
774 1144 956 1254 Angliae,
985 1144 1295 1232 Thesaurarium
1310 1139 1492 1250 Angliae,
1522 1140 1632 1247 Epis·
1640 1104 1855 1248 {iffp‘lf‘ffl

237 1304 383 1387 copum
395 1277 701 1375 Londinensem
731 1278 948 1358 Custodem
968 1276 1105 1383 privati
1126 1275 1272 1385 Sigilli,
1299 1294 1339 1356 et
1359 1274 1457 1356 duos
1485 1274 1631 1383 princi·
1615 1244 1852 1385 -ffiylsljssfors

236 1411 344 1517 palos
371 1412 617 1505 secretarios,
645 1438 716 1518 pro
744 1429 921 1518 tempore
948 1402 1167 1504 existentes,
1199 1426 1267 1489 aut
1291 1408 1443 1519 aliquos
1464 1427 1632 1519 quatuor
1642 1383 1856 1506 wag}

240 1543 305 1623 vel
331 1544 463 1651 plures
490 1570 643 1639 eorum,
672 1541 823 1624 easdem
856 1541 1128 1651 discrepantias
1151 1561 1190 1623 et
1215 1532 1355 1623 abusus
1382 1523 1722 1645 reconciliaressfssfg
1732 1518 1864 1663 Q&

235 1703 475 1782 componere
494 1695 533 1757 et
555 1678 750 1758 reducere.
1640 1659 1852 1787 dmm

291 1879 362 1962 Ea
387 1904 612 1963 versurus
614 1881 847 2007 νοΙιιιιιιιιἰ
857 1907 903 1963 se
918 1906 994 1989 per
1006 1877 1223 1988 praesentes
1251 1905 1325 1988 pro
1342 1841 1460 1962 noba
1474 1858 1633 2006 heredi

236 2013 308 2094 bus
323 2032 363 2096 et
380 2010 655 2098 successoribus
675 1992 815 2098 uostris
841 1994 1029 2124 fiimise'r
1034 2006 1284 2124 injungendo
1299 1984 1562 2122 praecipimus
1593 2031 1634 2095 et

237 2147 469 2243 mandamus
490 2148 678 2230 omuibus
713 2168 760 2230 et
780 2119 955 2259 fingulis
959 2117 1204 2244 lalliciariis,
1231 2147 1461 2258 MaJoribus,
1491 2146 1636 2229 Alder·

236 2279 405 2372 mannis,
435 2279 764 2375 licecomitibus,
794 2280 989 2376 Ballivis,
1002 2277 1326 2374 Corrstabulariis,
1354 2299 1395 2358 et
1427 2276 1513 2363 ali'rs
1534 2274 1631 2358 offi-

239 2408 367 2488 ciariis
386 2403 575 2487 ministris
595 2428 634 2487 et
654 2408 813 2489 subditis
834 2409 972 2490 nostris
991 2409 1184 2488 heredum
1207 2427 1259 2520 et¹
1277 2407 1535 2490 succellbrum
1561 2437 1633 2492 no·

240 2541 411 2621 strorum
430 2541 741 2650 quibuscunque,
770 2540 877 2652 qudd
911 2543 958 2620 de
985 2560 1161 2649 tempore
1183 2543 1235 2622 ‘in
1262 2560 1419 2652 tempus
1435 2539 1508 2622 fiat
1525 2510 1758 2640 auxi-{³33}

237 2672 375 2752 liantes
404 2690 444 2752 et
474 2671 683 2754 affistentes
717 2673 922 2780 praedidis
956 2674 1121 2755 Praesrdi
1151 2677 1338 2765 Concilio
1369 2694 1408 2757 et
1427 2675 1634 2770 Sodalibus

237 2805 396 2915 Regalis
415 2804 620 2889 Societatis
637 2807 854 2915 praedidae
871 2825 912 2888 et
933 2805 1207 2902 successoribus
1226 2809 1305 2892 suis
1321 2812 1363 2890 iu
1389 2811 1576 2910 omnibus
1592 2831 1635 2896 et

218 2932 309 3045 -per
333 2938 489 3036 omnia,
513 2937 728 3023 secuudum
766 2968 900 3023 veram
939 2941 1204 3026 intentionem
1237 2944 1381 3027 harum
1410 2945 1635 3029 Literarum

238 3071 460 3162 nostrarum
480 3073 716 3183 patentium.

292 3279 372 3376 Eo,
402 3283 508 3392 quod
528 3279 696 3390 expressa
714 3280 866 3364 mentio
884 3282 933 3370 de
946 3311 1037 3366 vero
1049 3284 1179 3387 valore
1194 3313 1340 3383 annuo,
1370 3286 1434 3369 vel
1456 3287 1636 3387 decori-

238 3413 378 3497 tudiue
397 3413 692 3524 praemissorum
708 3410 782 3497 live
799 3443 939 3504 eorum
959 3418 1140 3527 alicujus,
1171 3438 1239 3500 aut
1254 3421 1301 3501 de
1321 3419 1407 3502 aliis
1431 3421 1544 3504 donis
1561 3418 1647 3508 sue.

239 3547 546 3631 concessionibus
565 3578 632 3658 per
649 3577 720 3632 nos
738 3549 803 3632 seu
825 3578 892 3660 per
911 3551 1086 3662 aliquem
1117 3553 1415 3661 progenitorum
1429 3554 1505 3633 five
1524 3581 1636 3660 prae·

239 3679 481 3763 decessorum
508 3683 743 3778 nostrorum,
772 3682 954 3791 praefatis
978 3683 1144 3765 Praesrdi
1168 3685 1353 3766 Concilio
1374 3705 1414 3766 et
1432 3683 1635 3768 Sodalibus

238 3813 400 3924 Regalis
419 3816 619 3899 Societatis
639 3834 730 3896 ante
741 3813 844 3903 haec
862 3833 1040 3937 tempora
1055 3814 1223 3911 saeris,
1212 3846 1254 3897 ιιι
1274 3818 1537 3941 praesentibus
1556 3820 1636 3900 mi·

240 3946 465 4030 simeram
484 3949 627 4045 existit,
648 3970 714 4031 aut
733 3947 867 4059 aliquo
886 3933 1030 4033 statuto
1050 3951 1135 4032 astu
1157 3952 1401 4035 ordinatione
1416 3953 1634 4062 provissone
1681 3947 1687 3963 ’

240 4055 551 4186 proclamatione
570 4084 647 4164 save
673 4083 949 4167 restridlione
937 4113 980 4166 ιιι
1008 4084 1251 4169 contrarium
1268 4087 1358 4168 inde
1377 4087 1543 4170 antehac
1562 4089 1636 4168 ha·

241 4211 334 4293 bitis
349 4210 462 4291 fadis
480 4215 796 4297 editisordinatis
824 4208 898 4304 five
918 4218 1091 4328 provisrs,
1120 4239 1189 4301 aut
1216 4218 1345 4330 aliqua
1370 4221 1504 4303 aliare
1522 4219 1635 4303 causa

241 4344 305 4426 vel
325 4343 485 4426 materia
500 4372 752 4458 quacunque,
783 4348 825 4429 io
840 4351 974 4460 aliquo
989 4380 1069 4434 ιιοιι
1087 4352 1277 4436 obstante.

841 4624 875 4651 ““
910 4650 949 4731 [ι
