3832 5444
490 434 868 557 cunnrn
943 454 1405 539 concta*
1765 464 1821 553 547

160 722 162 726 Α
209 598 330 702 iniffis
350 617 392 697 in
410 617 474 698 his
486 613 760 725 praesentibus,
789 638 835 698 ut
851 617 1080 727 praefertur,
1109 606 1320 708 reservatis,
1347 628 1387 693 et
1404 638 1469 718 per
1489 635 1596 721 prae·

208 752 312 831 fatos
328 751 540 833 Praefidem
547 750 773 832 Concilium
784 771 823 831 et
836 751 989 832 Sodales
1006 752 1161 858 Regalis
1169 746 1371 831 Societatis
1380 745 1595 852 praedidiae,

206 901 249 963 et
285 883 510 968 successores
545 886 630 964 suos
665 883 894 965 solubilibus
927 884 1063 963 fiendis
1086 871 1110 915 '²
1132 883 1200 982 seu
1227 879 1528 990 performandis)
1546 879 1595 955 do

203 1017 414 1122 praemiffis
443 1004 517 1125 pes
533 1016 746 1122 praesentes
765 1017 1051 1126 praeconcelsrs,
1079 1016 1142 1094 seu
1161 1016 1209 1092 de
1228 1017 1358 1124 aliqua
1378 997 1467 1094 inde
1485 1030 1595 1118 parte

203 1150 270 1228 vel
290 1153 473 1257 parcella,
503 1150 615 1230 nobis
631 1147 835 1237 heredibus
854 1151 918 1228 vel
943 1145 1216 1230 successoribus
1244 1147 1385 1228 nostris
1414 1145 1591 1227 exeunti·-
1631 1153 1635 1161 '

200 1283 274 1363 bus
294 1285 357 1365 seu
378 1285 583 1380 solvendis,
602 1282 664 1364 vel
677 1283 878 1392 superinde
890 1283 1017 1362 versus
1033 1310 1103 1360 nos
1114 1281 1275 1359 heredes
1288 1280 1349 1358 vel
1365 1275 1591 1358 successores

198 1417 351 1498 nostros
380 1421 551 1509 oneratis.
581 1421 642 1500 seu
671 1416 894 1512 onerandis,
924 1392 1104 1520 praesatis
1135 1412 1300 1493 Praefidi
1331 1411 1516 1494 Concilio
1551 1429 1590 1490 et

199 1550 403 1631 Sodalibus
418 1553 571 1660 Regalis
591 1550 794 1633 Societatis
810 1550 1020 1656 praedislae
1040 1567 1077 1627 et
1103 1544 1373 1652 successoribus
1388 1546 1463 1625 suis
1490 1546 1587 1626 saci·
1704 1564 1710 1579 ‘

198 1701 280 1781 ent,
310 1703 348 1763 et
367 1685 414 1763 de
429 1704 610 1794 *tempore
647 1685 689 1764 in
720 1680 875 1791 tempus
904 1683 987 1762 fieri
1007 1681 1241 1762 causabunt:
1269 1682 1323 1760 Et
1343 1679 1416 1759 hae
1433 1680 1592 1761 Literae

182 1814 545 1921 'nostraepatentes
574 1817 634 1898 vel
655 1820 999 1898 irrotulamenturn
1023 1815 1248 1911 earundem,
1277 1834 1390 1894 erunt
1415 1815 1462 1894 de
1482 1833 1587 1895 tem·
1706 1846 1713 1856 ·

193 1974 286 2054 pore
304 1947 345 2027 in
365 1967 535 2058 tempus,
564 1971 650 2031 tam
667 1950 777 2032 dictis
792 1948 1139 2032 Commiffionariis
1154 1978 1224 2058 pro
1242 1949 1423 2031 thesauro
1437 1948 1588 2045 nostro,

191 2069 468 2183 Thesaurario,
483 2086 744 2180 Cancellario,
764 2101 802 2164 et
817 2085 1035 2167 Beronibus
1050 2085 1238 2165 Scaccarii
1257 2083 1377 2191 nostri
1394 2083 1586 2160 heredum
1602 2195 1605 2201 .

191 2231 232 2291 et
250 2203 507 2296 successorum
522 2217 744 2298 nostrorum
757 2245 827 2323 pro
842 2219 1232 2322 temporelexistente,
1252 2204 1382 2321 ‘quam
1396 2215 1587 2294 omnibus

191 2345 415 2451 etfingulis
438 2348 709 2444 Auditoribus,
740 2367 779 2425 et
809 2349 892 2425 aliis
911 2339 1123 2440 officiariis,
1152 2365 1191 2421 et
1223 2343 1408 2422 ministris
1440 2343 1585 2422 nostris.
1697 2390 1700 2398 -

188 2476 381 2556 heredum
400 2496 439 2556 et
457 2475 714 2557 successorum
742 2479 963 2559 nostrorum
983 2476 1278 2587 quibuscunque
1302 2505 1372 2583 pro
1405 2495 1584 2583 tempore

188 2607 387 2706 existente,
418 2609 612 2690 sufficiens
628 2631 868 2692 warrantum
886 2631 924 2693 et
944 2612 1167 2693 exoneratio
1185 2613 1228 2691 in
1246 2614 1320 2692 hac
1339 2628 1465 2720 parte.

241 2808 310 2891 Er
334 2835 427 2891 cvm
449 2838 525 2890 uos
557 2839 625 2917 per
652 2812 801 2894 Literas
834 2817 978 2897 nostras
1006 2834 1194 2924 patentes,
1222 2833 1398 2926 gerentes
1433 2814 1569 2895 datum
1583 2843 1683 2903 nectet
1696 2851 1728 2906 or
1763 2856 1766 2860 ·

183 2942 288 3050 apud
321 2943 715 3025 Westmonasterium
744 2949 926 3030 vicefimo
956 2951 1123 3030 secundo
1156 2951 1217 3029 die
1256 2951 1421 3056 Aprilis,
1467 2915 1807 3046 anno.{l?⁶se{'31{‘i⁰f³

179 3075 296 3184 regni
311 3054 434 3159 ione
460 3079 788 3190 decimoquinto,
819 3081 983 3162 Praenes
1003 3083 1189 3165 eoncnro
1207 3103 1244 3163 et
1265 3084 1470 3179 sodalibus
1490 3054 1698 3165 rte-⁰¹¹²“0‘·

182 3208 281 3318 galis
298 3210 501 3293 Societatis
523 3214 738 3319 praed'idbae
766 3216 898 3312 factas,
929 3216 1032 3295 inter
1051 3217 1126 3295 alia
1145 3217 1400 3298 concessimus
1420 3221 1569 3325 praesa·
1692 3292 1694 3295 ,

180 3343 231 3422 tis
246 3344 407 3424 Praesrdi
423 3346 606 3430 Concilio
625 3366 666 3426 et
679 3346 883 3428 Sodalibus
896 3349 1108 3455 praedidae
1121 3350 1279 3457 Regalis
1295 3353 1510 3450 Societatis,
1530 3371 1574 3430 et*

180 3475 454 3588 successoribus
472 3479 547 3558 suis
573 3481 614 3558 in
646 3501 893 3587 perpetuum,
925 3485 1030 3591 quod
1061 3484 1088 3561 s1
1117 3484 1327 3592 contigerit
1354 3485 1569 3564 Praefidem

176 3607 349 3715 ejusdem
360 3611 516 3717 Regalis
530 3614 732 3693 Societatis
746 3642 818 3720 pro
837 3634 1013 3719 tempore
1033 3614 1219 3692 existente
1247 3614 1487 3720 aegritudine
1502 3615 1568 3693 vel

172 3739 405 3821 infirmitate
425 3742 601 3840 detineri,
632 3746 694 3853 vel
709 3744 750 3822 in
772 3745 925 3824 servitio
944 3746 1074 3823 nostro
1089 3744 1280 3822 heredum
1299 3747 1360 3826 vel
1380 3747 1565 3830 successo-

165 3900 268 3982 rum
288 3874 510 3956 nostrorum
531 3876 682 3971 versari,
714 3879 774 3957 vel
799 3877 911 3957 aliter
925 3875 997 3956 esse
1017 3896 1268 3985 occupatum,
1297 3881 1351 3960 ita
1369 3883 1480 3990 quod'
1496 3912 1566 3964 ne·

174 4004 338 4087 cellariis
357 4010 524 4117 negotiis
545 4009 715 4118 ejusdem
748 4011 906 4120 Regalis
941 4011 1141 4092 Societatis
1169 4012 1348 4095 officium
1378 4016 1563 4098 Praesr‘dis
1625 4012 1627 4017 ⁴

174 4140 425 4250 tangentibus
445 4145 638 4224 attendere
662 4173 744 4224 non
764 4147 907 4252 poterit
921 4177 935 4238 ;¹
962 4148 1067 4258 quod
1088 4165 1183 4227 tunc
1199 4168 1237 4228 et
1254 4149 1369 4228 toties
1391 4150 1488 4230 bene
1507 4152 1561 4230 li-

172 4293 254 4354 ceat
287 4292 326 4352 et
358 4272 490 4353 licebit
523 4277 649 4356 eidem
670 4277 832 4357 Praesrdi
864 4283 912 4387 fic
933 4278 1089 4359 detento
1109 4280 1255 4360 versato
1282 4282 1344 4362 vel
1369 4276 1577 4391 occupato

167 4432 277 4489 unum
292 4410 339 4489 de
364 4405 544 4501 Concilio
560 4409 772 4515 praedislae
792 4409 948 4515 Regalis
969 4413 1166 4496 Societatis
1185 4442 1255 4522 pro
1279 4432 1454 4520 tempore
1474 4415 1557 4494 exi-

716 4556 1006 4628 ¹'SicinA-uthentic.
1415 4649 1447 4729 st

656 4658 662 4671 '
1448 4663 1557 4750 ente,
